3647 5753
503 364 541 419 6
1523 372 1613 425 DE
1653 371 1924 426 GRATIA
1963 372 2305 428 EFFICACI.

513 544 695 601 liandi
722 560 850 603 cum
894 554 1088 604 nostro
1134 548 1316 605 libero
1344 549 1604 607 arbitrio.
1637 553 1869 607 Constat

512 632 702 681 autem
733 626 1054 686 doctrinam
1082 627 1151 685 ab
1184 630 1501 701 Augustino
1523 629 1586 685 in
1607 630 1710 685 hac
1736 645 1867 686 ma-

513 708 660 765 teria
709 707 1003 776 traditam,
1036 708 1105 766 ab
1132 709 1403 766 omnibus
1424 710 1729 767 Catholicis
1764 708 1869 765 ad-

515 788 860 846 mittendam
881 806 1002 847 esse
1053 796 1113 847 ut
1139 796 1354 848 certam
1388 816 1401 858 ;
1431 790 1713 864 siquidem
1737 805 1869 847 eam

299 868 493 915 Goelffiti·
516 869 913 943 approbarunt
939 873 1296 938 Coelestinus,
1333 874 1441 930 Leo
1481 876 1576 939 111,
1603 872 1871 929 Hormis-

302 929 490 1018 αἶυῗίι,
518 948 638 1018 daS,
677 953 926 1009 Joannes
959 955 1023 1020 11,
1066 958 1120 1009 et
1147 952 1249 1009 alii
1289 954 1514 1009 Summi
1545 950 1865 1017 Pontifices,

303 1017 489 1111 Hffiffi&
517 1036 580 1087 ut
600 1031 714 1088 late
745 1032 1001 1089 diximus
1043 1034 1186 1107 disp.
1225 1036 1243 1089 l
1272 1035 1602 1108 prooemiali,
1656 1050 1777 1105 cap.
1808 1035 1866 1099 7,

301 1113 549 1179 :maneas
586 1113 633 1168 I.
666 1112 876 1184 Opinio
895 1128 1029 1187 ergo
1052 1114 1241 1180 aliter,
1275 1118 1330 1170 et
1357 1118 1554 1171 contra
1579 1126 1872 1186 exponens

373 1169 433 1209 ¹¹·
517 1191 823 1250 efficaciam
853 1196 1073 1268 gratiae.
1105 1201 1160 1253 et
1189 1194 1425 1252 modum
1449 1212 1508 1252 se
1529 1193 1776 1252 habendi
1802 1191 1872 1248 ad

521 1278 675 1329 actus
705 1279 944 1338 nostros,
977 1273 1048 1331 ab
1075 1276 1345 1332 omnibus
1385 1276 1686 1333 Catholicis
1714 1287 1874 1347 pror·

519 1370 617 1410 sus
663 1354 972 1428 rejicienda
1008 1363 1110 1413 est.
1157 1358 1327 1429 Atqui
1356 1358 1576 1413 Melina
1603 1357 1668 1413 in
1710 1355 1874 1411 testi—

522 1436 737 1492 moniis
763 1452 947 1510 nuper
970 1438 1168 1494 relatis
1188 1445 1380 1510 aperte
1409 1438 1617 1495 fatetur
1642 1435 1875 1509 opinio-

526 1530 658 1571 nem
715 1533 877 1573 suam
925 1533 1029 1574 nec
1074 1516 1285 1582 datam,
1341 1533 1442 1575 nec
1480 1518 1870 1590 explanatam,

527 1611 630 1653 nec
650 1596 921 1654 traditam
961 1613 1083 1654 esse
1119 1598 1189 1654 ab
1214 1600 1533 1673 Augustino
1565 1622 1580 1665 ;
1633 1598 1752 1653 imo
1773 1611 1878 1652 nec

524 1678 613 1734 illi
640 1678 987 1751 propositam
1017 1679 1192 1736 fuisse
1221 1697 1412 1755 :ergo,
1435 1687 1538 1737 etc.

309 1773 495 1831 Respon-
597 1760 651 1815 9.
696 1762 810 1816 Nec
829 1760 1023 1829 refert,
1044 1762 1092 1817 si
1118 1763 1180 1817 in
1209 1763 1467 1819 favorem
1496 1761 1729 1818 Molinae
1753 1774 1878 1815 res-

311 1829 486 1913 §¹135ssss
527 1838 792 1911 pendeas,
825 1839 1130 1897 efficaciam
1176 1843 1375 1916 gratiae
1404 1842 1472 1898 ab
1500 1842 1605 1898 hoc
1624 1840 1881 1896 Authore

525 1919 815 1989 traditam,
862 1920 1207 1994 modumque
1229 1922 1571 1981 conciliandi
1595 1939 1723 1979 eam
1750 1937 1880 1978 cum

528 2001 807 2068 libertate,
836 2019 952 2060 non
970 2004 1226 2060 inveniri
1247 2006 1324 2062 ita
1339 2006 1705 2077 explanatam
1731 2001 1878 2074 apud

523 2083 906 2157 Augustinum
938 2108 953 2152 3
986 2085 1190 2142 imbibi
1231 2091 1443 2154 tamen,
1476 2090 1533 2142 et
1577 2083 1792 2140 includi
1818 2084 1882 2139 in

524 2166 644 2238 ejus
698 2165 947 2237 scriptis,
981 2182 1013 2223 e
1057 2167 1265 2238 quibus
1299 2168 1547 2232 Molinae,
1593 2172 1649 2222 et
1686 2165 1882 2222 Socio-

528 2261 659 2301 rum
689 2244 974 2301 industria
998 2263 1123 2303 eam
1154 2254 1343 2320 postea
1370 2249 1539 2314 eruit,
1565 2251 1622 2303 et
1641 2244 1884 2302 omnino

526 2325 822 2396 explicuit.

605 2406 751 2468 Non,
787 2405 1042 2478 inquam,
1095 2406 1297 2473 refert3
1326 2406 1424 2463 sed
1455 2406 1619 2463 facile
1661 2404 1886 2461 refelli-

532 2491 626 2541 tur
659 2491 812 2541 :tum
840 2492 1152 2558 spontanea
1177 2488 1538 2545 concessione
1557 2487 1736 2560 ipsius
1756 2488 1885 2542 Mo-

534 2566 686 2634 linae,
724 2568 822 2638 qui
871 2574 1062 2640 aperte
1088 2569 1308 2636 asserit,
1353 2568 1588 2625 modum
1631 2566 1887 2624 efficaciae

530 2647 745 2717 grathe,
777 2652 835 2703 et
873 2646 1189 2704 concordiae
1234 2647 1297 2703 in
1327 2648 1509 2705 libero
1550 2646 1813 2715 arbitrie,
1853 2664 1888 2703 a

529 2743 590 2782 se
653 2727 977 2794 inventum,
1029 2743 1144 2785 non
1190 2729 1377 2785 solum
1429 2746 1547 2786 non
1591 2730 1769 2786 fuisse
1815 2728 1887 2785 ab

531 2806 851 2881 Augustino
890 2807 1253 2879 explicatum,
1297 2809 1393 2865 sed
1422 2825 1525 2865 nec
1545 2812 1889 2883 propositum

532 2886 707 2942 fuisse
747 2889 799 2940 S.
844 2888 1086 2957 Doctori,
1145 2904 1246 2945 nec
1293 2889 1566 2947 hactenus
1598 2889 1669 2945 ab
1696 2890 1888 2962 aliquo

532 2966 812 3024 traditum
866 2988 878 3023 ε
938 2983 1074 3042 ergo
1146 2967 1443 3041 praedictus
1515 2969 1719 3027 modus
1771 2984 1887 3025 non

534 3049 865 3104 continetur
904 3048 969 3103 in
1015 3050 1318 3123 Augustini
1357 3050 1585 3122 scriptis
1611 3073 1624 3116 ;
1654 3065 1778 3121 quae
1801 3054 1888 3104 ta-

535 3144 674 3185 men
700 3130 999 3187 consulere
1045 3130 1404 3204 praecipiebat
1427 3133 1693 3188 Clemens
1739 3130 1886 3197 VIII,

538 3206 608 3263 ad
635 3209 869 3266 Molinae
913 3226 1141 3267 causam
1191 3210 1716 3268 determinandam.
1742 3212 1892 3265 Tum

535 3288 735 3353 etiam,
767 3291 903 3361 quia
927 3289 1040 3347 dici
1079 3307 1196 3347 non
1234 3297 1415 3364 potest
1435 3291 1645 3363 absque
1673 3290 1894 3363 injuria

539 3370 865 3442 Augustini,
921 3369 1070 3442 quod
1099 3372 1313 3428 minori
1350 3372 1626 3435 claritate,
1664 3375 1719 3425 et
1765 3370 1892 3426 luce

546 3451 880 3522 processerit
919 3449 981 3504 in
1027 3450 1130 3506 hac
1151 3450 1394 3508 materia
1436 3450 1884 3522 pernecessaria,

538 3546 711 3603 quam
763 3532 1000 3596 Melina,
1043 3539 1098 3588 et
1148 3533 1268 3606 ejus
1303 3532 1567 3588 asseclae:
1613 3546 1794 3602 neque
1833 3529 1889 3585 id

539 3613 710 3678 ullus,
738 3616 799 3667 ut
826 3611 1130 3677 credimus,
1157 3611 1580 3668 catholicorum
1604 3610 1890 3667 admittet.

539 3696 686 3750 Tum
714 3700 1005 3767 praeterea,
1043 3696 1178 3768 quia
1207 3695 1509 3753 necessitas
1534 3694 1885 3752 conciliandi

541 3776 788 3849 gratiam
833 3791 962 3831 cum
1010 3776 1193 3833 libero
1219 3774 1478 3844 arbitrio,
1508 3775 1745 3850 urgebat
1774 3791 1893 3832 non

551 3854 747 3909 minus
793 3858 1048 3927 tempore
1096 3854 1419 3930 Augustini,
1463 3872 1593 3911 cum
1621 3855 1896 3911 eamim-

545 3933 873 4006 pugnabant
900 3936 1193 4010 pelagiani
1222 3961 1235 4002 ς
1273 3952 1444 4008 quam
1485 3942 1740 4007 tempore
1765 3938 1895 3992 Mo-

544 4013 697 4079 linn,
754 4029 866 4085 quo
894 4015 1206 4073 Lutherani
1250 4015 1669 4072 invehebantur
1717 4016 1780 4070 in
1817 4015 1898 4070 il-

548 4094 664 4149 lam
698 4115 710 4150 :
741 4096 1091 4168 Augustinus
1117 4098 1291 4154 etiam
1341 4113 1458 4153 non
1488 4096 1705 4152 minori
1729 4096 1898 4169 inge-

548 4173 631 4229 nii
685 4174 805 4232 acie
839 4176 1105 4248 pollebat,
1150 4192 1324 4248 quam
1364 4175 1583 4232 Melina
1617 4177 1895 4247 :insuper

542 4257 894 4331 Augustinus
914 4273 1175 4330 supernae
1199 4256 1339 4313 lucis
1369 4256 1548 4313 radiis
1572 4256 1898 4328 specialiter

545 4351 838 4408 respersus
877 4342 978 4401 est,
1012 4338 1293 4410 praecipue
1334 4337 1396 4392 in
1417 4334 1776 4407 exponendis
1804 4334 1897 4390 his

544 4428 667 4486 quae
692 4416 958 4488 gratiam,
1009 4423 1066 4473 et
1106 4416 1354 4472 liberum
1408 4411 1717 4471 arbitrium
1757 4430 1899 4471 con-

545 4500 807 4561 cernunt,
835 4501 896 4552 ut
934 4512 1135 4554 omnes
1161 4495 1436 4552 Catholici
1465 4493 1852 4567 depraedicant
1881 4518 1897 4562 ;

546 4573 696 4647 quod
724 4574 1035 4632 urbanitati
1064 4582 1274 4633 nostrae
1292 4575 1641 4646 relinquitur
1669 4574 1902 4632 credere

548 4651 619 4709 de
659 4654 919 4711 Melina:
959 4671 1096 4731 ergo
1123 4653 1479 4721 incredibile,
1507 4660 1562 4710 et
1584 4653 1902 4710 irrationa-

547 4732 666 4790 bile
690 4739 777 4791 est
801 4751 1068 4803 asserere,
1098 4735 1249 4809 quod
1297 4736 1360 4791 in
1407 4734 1744 4808 exponendo
1772 4750 1902 4791 mo-

548 4812 685 4868 dum
712 4813 968 4871 efficaciae
984 4817 1203 4891 gratiae.
1227 4821 1284 4873 et
1303 4813 1618 4872 concordiae
1637 4815 1759 4889 ejus
1773 4829 1903 4870 cum

554 4892 736 4951 libero
782 4893 1041 4961 arbitrio,
1085 4896 1436 4969 explicatius,
1479 4899 1535 4952 et
1574 4893 1904 4950 distinctius

551 4974 870 5047 segesserit
915 4976 1152 5042 Melina,
1183 4991 1356 5049 quam
1403 4975 1757 5049 Augustinus
1786 4994 1799 5029 ι
1825 4973 1906 5028 ita

335 2408 508 2453 uereni-

368 2464 447 2501 tur.

1998 550 2147 623 quod
2175 552 2377 606 Doctor
2411 554 2678 613 sanctus;
2731 551 2789 603 et
2833 546 3055 602 Author
3078 545 3179 602 ille
3206 559 3356 601 eun·

1999 630 2131 687 dem
2182 628 2418 687 modum
2468 629 2767 687 docuerint
2795 652 2808 695 ;
2854 626 2951 683 sed
2998 627 3357 702 Augustinus

2001 711 2252 779 obscure,
2278 712 2572 785 implicite,
2603 717 2658 769 et
2684 711 2942 778 confuse3
2973 711 3193 768 Melina
3220 726 3365 768 vero

2001 795 2172 861 clare,
2197 794 2482 859 distincte,
2514 799 2571 850 et
2599 794 2912 867 perspicue.
2943 794 3094 849 Tum
3124 793 3357 862 deinde,

2002 873 2136 947 quia
2156 875 2248 929 vel
2277 875 2338 929 D.
2388 873 2739 947 Augustinus
2767 871 3070 929 confutans
3093 873 3361 947 Pelagia-

2005 968 2126 1018 nos,
2169 957 2445 1009 eteorum
2467 950 2880 1026 objectionibus
2900 967 3205 1009 occurrens
3225 968 3366 1012 usus

2003 1039 2089 1091 est
2110 1034 2211 1090 illo
2238 1033 2407 1091 modo
2432 1033 2688 1091 efficaciae
2726 1034 2941 1107 gratiae,
2965 1038 3020 1089 et
3047 1035 3368 1095 concordiae

2003 1129 2134 1170 cum
2158 1112 2437 1179 libertate,
2463 1127 2631 1185 quem
2658 1113 2832 1169 tradit
2857 1114 3112 1181 Molina;
3136 1116 3231 1172 vel
3260 1115 3367 1175 illo

2010 1209 2141 1249 usus
2169 1209 2286 1250 non
2300 1198 2383 1250 est
2409 1196 2437 1249 '1²
2466 1194 2526 1249 Si
2555 1192 2810 1265 primum
2834 1214 2846 1248 :
2875 1209 3012 1267 ergo
3034 1194 3180 1251 falso
3207 1210 3363 1256 asse·

2009 1272 2085 1329 rit
2121 1273 2360 1342 Melina,
2408 1274 2577 1328 illum
2613 1270 2848 1328 modum
2896 1288 3002 1329 nec
3029 1273 3206 1331 fuisse
3244 1276 3365 1331 Au-

2006 1355 2232 1431 gustino
2260 1355 2631 1427 propositum,
2664 1369 2767 1410 nec
2784 1354 3057 1411 hactenus
3082 1355 3152 1412 ab
3170 1357 3367 1433 aliquo

2009 1434 2305 1492 traditum.
2352 1435 2411 1489 Si
2439 1434 2792 1492 secundnm:
2839 1451 2977 1509 ergo
3005 1436 3369 1510 Augustinus

2009 1516 2178 1572 illum
2217 1513 2453 1571 modum
2495 1515 2781 1588 reputavit
2821 1514 3049 1581 falsum,
3097 1521 3153 1571 et
3182 1517 3367 1574 inuti-

2010 1596 2147 1662 lem;
2170 1600 2223 1651 et
2252 1595 2421 1651 aliter
2450 1596 2511 1651 in
2540 1595 2642 1651 illa
2657 1594 3050 1651 controversia
3074 1596 3362 1667 processit.

2093 1678 2175 1732 lO.
2219 1678 2365 1730 Tum
2387 1674 2660 1748 denique,
2685 1676 2820 1747 quia
2841 1674 2978 1730 dum
3004 1674 3123 1748 ipse
3149 1676 3561 1771 M⁰¹i¹²²¹astg³ffi¹¹¹ff

2012 1756 2438 1828 responsionem
2450 1772 2621 1828 quam
2636 1757 3059 1829 impugnamus,
3077 1755 3369 1815 velletsibi
3407 1777 3497 1821 ηιμ
3516 1776 3564 1817 de

2013 1835 2380 1910 praetendere,
2415 1853 2487 1893 ne
2508 1836 2801 1893 videretur
2827 1837 3145 1910 Augustino
3177 1839 3369 1913 palam
3386 1828 3597 1918 ,ἱῇξᾞρ

2012 1918 2320 1983 adversari,
2361 1920 2527 1974 illum
2557 1918 2720 1975 nobis
2746 1918 2948 1992 objecit
2975 1919 3080 1974 sub
3120 1919 3368 1994 quadam
3435 1924 3526 1968 tim.
3596 1918 3597 1929 ¹

2015 1998 2467 2063 inadvertentiae,
2494 2004 2659 2070 atque
2682 1998 3079 2056 inattentionis
3099 2001 3367 2075 caligine.

2015 2083 2160 2137 Nam
2192 2083 2209 2136 l
2239 2099 2297 2154 p.
2327 2087 2508 2158 quast.
2541 2082 2631 2148 23,
2658 2088 2766 2136 art.
2806 2083 2860 2146 4,
2886 2081 3026 2153 disp.
3063 2082 3108 2148 l,
3136 2083 3372 2138 membro

2013 2162 2068 2226 6,
2113 2161 2174 2215 in
2222 2160 2599 2232 impressione
2644 2161 2958 2216 Conchensi
3007 2162 3150 2217 anni
3207 2164 3367 2228 1592,

2008 2257 2137 2312 pay.
2163 2241 2291 2306 906,
2319 2240 2610 2296 inculcans
2636 2255 2798 2294 suam
2821 2239 2891 2295 de
2909 2240 3155 2297 efficacia
3176 2242 3378 2315 gratiae

2015 2319 2351 2388 doctrinam,
2420 2320 2499 2376 sic
2565 2319 2816 2390 loquitur
2861 2340 2874 2374 :
2923 2343 2948 2372 α
2989 2322 3265 2385 Quocirca
3323 2321 3374 2376 si

2024 2422 2048 2452 α
2078 2415 2271 2455 meum
2302 2402 2402 2455 hac
2429 2399 2498 2456 de
2521 2416 2583 2456 re
2597 2397 2878 2472 judicium
2901 2401 3203 2474 quicquam
3217 2417 3377 2491 pon-

2023 2501 2049 2531 «
2076 2478 2231 2535 deris
2276 2479 2463 2546 habet,
2494 2479 2749 2551 suspicor
2786 2481 3192 2553 Augustinum,
3224 2487 3279 2537 et
3309 2482 3372 2536 D.

2024 2580 2049 2609 α
2078 2557 2358 2613 'rhomam
2386 2574 2487 2613 sua
2526 2558 2799 2630 opinione
2825 2558 2968 2614 illud
2999 2561 3254 2631 primum
3281 2576 3378 2615 so·-

2025 2661 2049 2689 «
2082 2637 2222 2706 lum,
2252 2635 2400 2709 quod
2426 2652 2554 2692 cum
2585 2638 2970 2693 communiori
3001 2640 3376 2697 scholastico-

2026 2742 2050 2771 «
2081 2734 2212 2775 rum
2238 2718 2523 2774 sententia
2544 2733 2647 2774 nos
2677 2717 2923 2776 libenter
2945 2721 3377 2793 amplectimur,

2025 2820 2049 2850 α
2080 2796 2395 2853 intendisse
2422 2796 2781 2869 potissimum
2810 2821 2822 2854 ι
2849 2814 3030 2871 neque
3060 2798 3383 2857 advertisse

2025 2900 2051 2931 α
2080 2885 2358 2951 quantum
2387 2876 2457 2934 ad
2493 2878 2863 2935 auferendam
2889 2878 3165 2937 duritiem
3212 2881 3385 2938 illam

2027 2983 2051 3012 ι(
2081 2961 2277 3026 aliam,
2316 2976 2485 3033 quam
2524 2961 2775 3017 minime
2807 2960 3201 3028 intenderunt,
3240 2979 3387 3020 con-

2029 3061 2054 3092 «
2095 3038 2324 3097 duceret
2349 3039 2564 3097 additio
2605 3040 2727 3105 illa,
2772 3057 2943 3112 quam
2988 3058 3170 3114 neque
3206 3058 3390 3117 nega-

2030 3144 2053 3175 «
2086 3128 2429 3194 runt,neque
2445 3123 2818 3195 negassent,si
2835 3121 2905 3180 de
2919 3140 2983 3179 ea
2999 3123 3241 3181 fuissent
3251 3142 3391 3183 con-

2030 3224 2055 3253 a
2084 3202 2473 3274 sultiznempe
2490 3202 2664 3257 fuisse
2685 3202 3068 3259 nihilominus
3094 3204 3392 3277 praedesti-

2030 3304 2056 3335 «
2087 3283 2379 3340 nationem
2410 3327 2424 3350 ,
2474 3287 2532 3339 et
2584 3282 3045 3354 reprobationem
3088 3300 3205 3342 non
3260 3287 3401 3343 sine

2031 3384 2057 3415 α
2088 3362 2441 3434 praescientia
2453 3362 2745 3434 qualitatis
2761 3379 2894 3417 usus
2909 3363 3399 3432 arbitrii‚habita-

2031 3468 2058 3497 α
2085 3459 2193 3516 que
2217 3442 2674 3501 consideratione
2701 3443 2874 3509 illius,
2895 3444 3067 3501 modo
3080 3447 3392 3518 explicato,

2032 3547 2057 3577 α
2086 3530 2143 3581 et
2169 3522 2619 3595 insequentibus
2641 3523 2821 3577 fusius
2842 3525 3205 3595 explicandO.
3232 3526 3398 3584 Inte-

2032 3629 2057 3660 «
2088 3606 2201 3662 rim
2216 3621 2354 3661 vero
2369 3603 2506 3659 dum
2528 3603 2632 3659 sub
2652 3621 2720 3660 ea
2738 3606 2897 3677 quasi
2921 3606 3168 3680 caligine
3192 3610 3255 3664 D.
3280 3612 3401 3664 Au-

2033 3710 2059 3742 «
2085 3685 2349 3760 gustinus
2374 3682 2444 3740 ad
2471 3683 2575 3739 hoc
2598 3699 2711 3739 non
2758 3684 2999 3741 attendit
3027 3729 3041 3755 ,
3075 3685 3408 3745 arbitratus

2034 3764 2282 3838 «primo
2321 3769 2542 3836 aspectu
2589 3779 2717 3818 cum
2764 3780 2866 3820 sua
2912 3764 2982 3821 de
3010 3765 3403 3837 praedestina-

2035 3871 2059 3901 α
2090 3846 2245 3902 tione
2287 3843 2560 3915 opinione
2602 3858 2723 3900 esse
2763 3846 3150 3918 conjunctum,
3208 3850 3407 3904 Deum

2036 3949 2062 3979 α
2092 3938 2208 3981 non
2230 3924 2379 3979 velle
2399 3937 2598 3978 omnes
2629 3923 2947 3979 universim
2970 3926 3241 3982 homines
3272 3929 3405 3983 sal·

2036 4030 2061 4060 «
2090 4022 2191 4063 vos
2212 4004 2359 4070 fieri,
2384 4003 2480 4060 sed
2502 4005 2649 4060 solos
2672 4005 3129 4076 praedestinatos;
3156 4008 3221 4064 in
3245 4005 3411 4066 mul'-

2036 4110 2061 4140 «
2091 4088 2166 4142 tis
2197 4102 2313 4142 suae
2351 4083 2622 4141 doctrinae
2656 4086 2809 4154 lociS,
2842 4092 2904 4141 ut
2927 4094 3122 4158 quaest.
3165 4091 3253 4155 19,
3283 4098 3405 4149 art.

2037 4190 2062 4220 «
2092 4169 2147 4232 6,
2186 4165 2333 4237 disp.
2386 4166 2431 4228 l,
2488 4166 2731 4220 relatum
2760 4172 2860 4233 est,
2895 4167 2973 4223 ita
3001 4168 3172 4224 illum
3203 4171 3415 4229 locum

2037 4269 2062 4300 α
2094 4247 2261 4302 Pauli
2311 4246 2356 4308 1,
2389 4242 2459 4299 ad
2486 4245 2737 4300 Timoth.
2770 4247 2820 4308 2,
2855 4246 3269 4319 interpretatus
3292 4259 3412 4320 est,

2037 4350 2063 4380 α
2092 4331 2155 4381 ut
2192 4325 2262 4381 de
2297 4324 2435 4380 solis
2483 4324 2898 4395 praedestinatis
2943 4326 3410 4402 intelligeretur.

2038 4429 2064 4460 «
2094 4403 2295 4461 Caeteri
2318 4409 2513 4459 tamen
2536 4405 2750 4468 Patres,
2785 4409 2900 4460 tam
2929 4408 3257 4480 Augustino
3295 4427 3414 4469 an-

2039 4508 2065 4538 «
2095 4484 2384 4556 tiquiores,
2414 4497 2585 4554 quam
2611 4498 2678 4538 eo
2701 4485 3060 4556 posteriores,
3095 4487 3421 4549 Doctores-

2040 4588 2066 4620 α
2094 4581 2202 4638 que
2228 4562 2552 4620 Scholastici
2592 4564 2978 4620 communiter
3005 4581 3135 4623 eam
3164 4574 3423 4643 exposi-

2040 4669 2066 4700 α
2097 4647 2315 4702 tionem
2350 4658 2468 4700 non
2497 4641 2829 4714 probarunt.
2862 4666 2889 4696 ι)
2921 4644 3146 4704 Judicet
3175 4652 3417 4724 Lector,

2034 4742 2207 4801 quam
2231 4727 2456 4781 censeat
2495 4723 2597 4779 ille
2635 4727 2843 4782 Auctor
2875 4742 2980 4798 pro
3005 4743 3066 4784 se
3091 4733 3257 4789 stare
3289 4737 3427 4791 Au-

2034 4805 2349 4881 gustinum,
2381 4801 2476 4874 qui
2514 4806 2575 4855 ut
2608 4803 2906 4873 proprium
2930 4804 3224 4877 iudicium
3273 4829 3427 4885 pro-

2037 4891 2266 4962 pugnet,
2297 4883 2499 4940 asserit
2537 4884 2591 4937 S.
2638 4884 2932 4941 Doctorem
2966 4907 2993 4939 «
3036 4902 3164 4944 non
3194 4892 3429 4954 adver-

2044 4989 2071 5019 ι(
2098 4967 2252 5031 tisse,
2286 4978 2401 5019 non
2423 4959 2744 5027 attendisse,
2778 4961 2952 5020 fuisse
2976 4964 3084 5020 sub
3110 4970 3391 5046 caligine
3413 5001 3429 5044 ς

3052 5046 3436 5114 arbitratum
