<?xml version="1.0" encoding="UTF-8"?>
<!DOCTYPE html PUBLIC "-//W3C//DTD XHTML 1.0 Transitional//EN"
    "http://www.w3.org/TR/xhtml1/DTD/xhtml1-transitional.dtd">
<html xmlns="http://www.w3.org/1999/xhtml" xml:lang="en" lang="en">
 <head>
  <title>
</title>
<meta http-equiv="Content-Type" content="text/html;charset=utf-8" />
  <meta name='ocr-system' content='tesseract 3.04.00' />
  <meta name='ocr-capabilities' content='ocr_page ocr_carea ocr_par ocr_line ocrx_word'/>
</head>
<body>
  <div class='ocr_page' id='page_1' title='image "./collegiisalmant00carmgoog_0589.png"; bbox 0 0 3647 5753; ppageno 0'>
   <div class='ocr_carea' id='block_1_1' title="bbox 1485 348 3152 416">
    <p class='ocr_par' dir='ltr' id='par_1_1' title="bbox 1485 348 3152 416">
     <span class='ocr_line' id='line_1_1' title="bbox 1485 348 3152 416; baseline 0.004 -13"><span class='ocrx_word' id='word_1_1' title='bbox 1485 348 1662 405; x_wconf 87' lang='lat' dir='ltr'>DISP.</span> <span class='ocrx_word' id='word_1_2' title='bbox 1707 349 1802 416; x_wconf 91' lang='lat'>111,</span> <span class='ocrx_word' id='word_1_3' title='bbox 1848 350 2012 407; x_wconf 91' lang='lat' dir='ltr'>DUB.</span> <span class='ocrx_word' id='word_1_4' title='bbox 2045 350 2139 406; x_wconf 90' lang='lat'>111.</span> <span class='ocrx_word' id='word_1_5' title='bbox 3042 354 3152 409; x_wconf 81' lang='lat'>567</span> 
     </span>
    </p>
   </div>
   <div class='ocr_carea' id='block_1_2' title="bbox 99 515 1665 3519">
    <p class='ocr_par' dir='ltr' id='par_1_2' title="bbox 99 515 1665 3519">
     <span class='ocr_line' id='line_1_2' title="bbox 295 515 1660 595; baseline 0.004 -23"><span class='ocrx_word' id='word_1_6' title='bbox 295 516 372 573; x_wconf 90' lang='lat' dir='ltr'>cit</span> <span class='ocrx_word' id='word_1_7' title='bbox 399 515 805 590; x_wconf 87' lang='lat' dir='ltr'>dispositiones</span> <span class='ocrx_word' id='word_1_8' title='bbox 835 524 1103 586; x_wconf 90' lang='lat' dir='ltr'>remotas,</span> <span class='ocrx_word' id='word_1_9' title='bbox 1134 534 1259 593; x_wconf 82' lang='lat' dir='ltr'>quae</span> <span class='ocrx_word' id='word_1_10' title='bbox 1299 518 1660 595; x_wconf 81' lang='lat' dir='ltr'>justificatio-</span> 
     </span>
     <span class='ocr_line' id='line_1_3' title="bbox 298 598 1659 673; baseline 0.001 -19"><span class='ocrx_word' id='word_1_11' title='bbox 298 613 433 654; x_wconf 87' lang='lat' dir='ltr'>nem</span> <span class='ocrx_word' id='word_1_12' title='bbox 457 603 714 671; x_wconf 92' lang='lat' dir='ltr'>tempore</span> <span class='ocrx_word' id='word_1_13' title='bbox 737 598 1081 673; x_wconf 75' lang='lat' dir='ltr'>praecedunt,</span> <span class='ocrx_word' id='word_1_14' title='bbox 1112 605 1172 655; x_wconf 91' lang='lat' dir='ltr'>ut</span> <span class='ocrx_word' id='word_1_15' title='bbox 1192 605 1412 658; x_wconf 90' lang='lat' dir='ltr'>constat</span> <span class='ocrx_word' id='word_1_16' title='bbox 1430 617 1501 659; x_wconf 89' lang='lat' dir='ltr'>ex</span> <span class='ocrx_word' id='word_1_17' title='bbox 1523 600 1659 657; x_wconf 88' lang='lat' dir='ltr'>arti-</span> 
     </span>
     <span class='ocr_line' id='line_1_4' title="bbox 298 678 1659 756; baseline 0.003 -22"><span class='ocrx_word' id='word_1_18' title='bbox 298 678 427 735; x_wconf 92' lang='lat' dir='ltr'>culo</span> <span class='ocrx_word' id='word_1_19' title='bbox 453 681 489 733; x_wconf 88' lang='lat'><strong>7</strong></span> <span class='ocrx_word' id='word_1_20' title='bbox 511 678 681 752; x_wconf 81' lang='lat' dir='ltr'>hujus</span> <span class='ocrx_word' id='word_1_21' title='bbox 725 680 1076 752; x_wconf 82' lang='lat' dir='ltr'>quaestionis,</span> <span class='ocrx_word' id='word_1_22' title='bbox 1109 683 1169 737; x_wconf 80' lang='lat' dir='ltr'>in</span> <span class='ocrx_word' id='word_1_23' title='bbox 1194 699 1336 756; x_wconf 80' lang='lat' dir='ltr'>resp.</span> <span class='ocrx_word' id='word_1_24' title='bbox 1378 682 1452 738; x_wconf 86' lang='lat' dir='ltr'>ad</span> <span class='ocrx_word' id='word_1_25' title='bbox 1480 683 1526 748; x_wconf 92' lang='lat' dir='ltr'>l,</span> <span class='ocrx_word' id='word_1_26' title='bbox 1560 680 1659 738; x_wconf 90' lang='lat' dir='ltr'>ubi</span> 
     </span>
     <span class='ocr_line' id='line_1_5' title="bbox 299 757 1660 833; baseline 0.003 -19"><span class='ocrx_word' id='word_1_27' title='bbox 299 757 381 814; x_wconf 85' lang='lat' dir='ltr'>ait</span> <span class='ocrx_word' id='word_1_28' title='bbox 411 778 424 813; x_wconf 72' lang='grc' dir='ltr'><strong>ε</strong></span> <span class='ocrx_word' id='word_1_29' title='bbox 462 779 488 812; x_wconf 73' lang='lat' dir='ltr'>&lt;x</span> <span class='ocrx_word' id='word_1_30' title='bbox 522 758 855 825; x_wconf 73' lang='lat' dir='ltr'><strong>Dicendum,</strong></span> <span class='ocrx_word' id='word_1_31' title='bbox 888 760 1037 833; x_wconf 90' lang='lat' dir='ltr'>quod</span> <span class='ocrx_word' id='word_1_32' title='bbox 1067 768 1255 819; x_wconf 89' lang='lat' dir='ltr'>motus</span> <span class='ocrx_word' id='word_1_33' title='bbox 1282 761 1454 820; x_wconf 89' lang='lat' dir='ltr'>liberi</span> <span class='ocrx_word' id='word_1_34' title='bbox 1498 760 1660 819; x_wconf 88' lang='lat' dir='ltr'>arbi-</span> 
     </span>
     <span class='ocr_line' id='line_1_6' title="bbox 303 838 1661 917; baseline 0.006 -26"><span class='ocrx_word' id='word_1_35' title='bbox 303 859 330 890; x_wconf 74' lang='lat'>«</span> <span class='ocrx_word' id='word_1_36' title='bbox 362 839 481 904; x_wconf 91' lang='lat' dir='ltr'>trii‚</span> <span class='ocrx_word' id='word_1_37' title='bbox 508 838 606 911; x_wconf 89' lang='lat' dir='ltr'>qui</span> <span class='ocrx_word' id='word_1_38' title='bbox 646 840 938 897; x_wconf 81' lang='lat' dir='ltr'><strong>concurrit</strong></span> <span class='ocrx_word' id='word_1_39' title='bbox 959 840 1030 897; x_wconf 91' lang='lat' dir='ltr'>ad</span> <span class='ocrx_word' id='word_1_40' title='bbox 1050 843 1519 917; x_wconf 85' lang='lat' dir='ltr'>justificationem</span> <span class='ocrx_word' id='word_1_41' title='bbox 1542 843 1661 899; x_wconf 93' lang='lat' dir='ltr'>im-</span> 
     </span>
     <span class='ocr_line' id='line_1_7' title="bbox 300 921 1661 999; baseline 0.006 -25"><span class='ocrx_word' id='word_1_42' title='bbox 300 942 329 974; x_wconf 77' lang='lat'>«</span> <span class='ocrx_word' id='word_1_43' title='bbox 352 921 460 995; x_wconf 85' lang='lat' dir='ltr'>pii,</span> <span class='ocrx_word' id='word_1_44' title='bbox 487 928 568 978; x_wconf 90' lang='lat' dir='ltr'>est</span> <span class='ocrx_word' id='word_1_45' title='bbox 591 938 900 979; x_wconf 88' lang='lat' dir='ltr'>consensus</span> <span class='ocrx_word' id='word_1_46' title='bbox 942 923 1013 980; x_wconf 92' lang='lat' dir='ltr'>ad</span> <span class='ocrx_word' id='word_1_47' title='bbox 1039 924 1436 983; x_wconf 89' lang='lat' dir='ltr'>detestandum</span> <span class='ocrx_word' id='word_1_48' title='bbox 1466 941 1661 999; x_wconf 89' lang='lat' dir='ltr'>pecca-</span> 
     </span>
     <span class='ocr_line' id='line_1_8' title="bbox 300 1003 1659 1082; baseline 0.007 -27"><span class='ocrx_word' id='word_1_49' title='bbox 300 1008 503 1069; x_wconf 81' lang='lat' dir='ltr'>«tum,</span> <span class='ocrx_word' id='word_1_50' title='bbox 534 1003 683 1060; x_wconf 90' lang='lat' dir='ltr'>etad</span> <span class='ocrx_word' id='word_1_51' title='bbox 729 1005 1109 1063; x_wconf 90' lang='lat' dir='ltr'>accedendum</span> <span class='ocrx_word' id='word_1_52' title='bbox 1162 1008 1232 1064; x_wconf 88' lang='lat' dir='ltr'>ad</span> <span class='ocrx_word' id='word_1_53' title='bbox 1274 1010 1453 1066; x_wconf 91' lang='lat' dir='ltr'>Deum</span> <span class='ocrx_word' id='word_1_54' title='bbox 1507 1030 1521 1065; x_wconf 76' lang='lat' dir='ltr'><strong><em>z</em></strong></span> <span class='ocrx_word' id='word_1_55' title='bbox 1561 1008 1659 1082; x_wconf 92' lang='lat' dir='ltr'>qui</span> 
     </span>
     <span class='ocr_line' id='line_1_9' title="bbox 300 1083 1662 1163; baseline 0.005 -26"><span class='ocrx_word' id='word_1_56' title='bbox 300 1105 328 1136; x_wconf 75' lang='grc' dir='ltr'><strong>α</strong></span> <span class='ocrx_word' id='word_1_57' title='bbox 355 1083 587 1156; x_wconf 89' lang='lat' dir='ltr'>quidem</span> <span class='ocrx_word' id='word_1_58' title='bbox 629 1100 938 1143; x_wconf 90' lang='lat' dir='ltr'>consensus</span> <span class='ocrx_word' id='word_1_59' title='bbox 976 1088 1166 1146; x_wconf 90' lang='lat' dir='ltr'>subito</span> <span class='ocrx_word' id='word_1_60' title='bbox 1223 1088 1303 1146; x_wconf 89' lang='lat' dir='ltr'>fit.</span> <span class='ocrx_word' id='word_1_61' title='bbox 1370 1088 1662 1163; x_wconf 82' lang='lat' dir='ltr'>Contingit</span> 
     </span>
     <span class='ocr_line' id='line_1_10' title="bbox 300 1164 1662 1242; baseline 0.007 -28"><span class='ocrx_word' id='word_1_62' title='bbox 300 1184 328 1214; x_wconf 75' lang='grc' dir='ltr'><strong>α</strong></span> <span class='ocrx_word' id='word_1_63' title='bbox 358 1168 549 1220; x_wconf 87' lang='lat' dir='ltr'>autem</span> <span class='ocrx_word' id='word_1_64' title='bbox 596 1164 953 1240; x_wconf 88' lang='lat' dir='ltr'>quandoque.</span> <span class='ocrx_word' id='word_1_65' title='bbox 987 1169 1136 1240; x_wconf 91' lang='lat' dir='ltr'>quod</span> <span class='ocrx_word' id='word_1_66' title='bbox 1167 1168 1433 1242; x_wconf 84' lang='lat' dir='ltr'>praecedit</span> <span class='ocrx_word' id='word_1_67' title='bbox 1467 1168 1662 1241; x_wconf 89' lang='lat' dir='ltr'>aliqua</span> 
     </span>
     <span class='ocr_line' id='line_1_11' title="bbox 306 1243 1662 1321; baseline 0.004 -24"><span class='ocrx_word' id='word_1_68' title='bbox 306 1265 331 1297; x_wconf 71' lang='lat' dir='ltr'>a</span> <span class='ocrx_word' id='word_1_69' title='bbox 360 1243 720 1311; x_wconf 82' lang='lat' dir='ltr'>deliberatio,</span> <span class='ocrx_word' id='word_1_70' title='bbox 734 1263 859 1319; x_wconf 81' lang='lat' dir='ltr'>quae</span> <span class='ocrx_word' id='word_1_71' title='bbox 882 1263 998 1304; x_wconf 92' lang='lat' dir='ltr'>non</span> <span class='ocrx_word' id='word_1_72' title='bbox 1014 1255 1099 1304; x_wconf 89' lang='lat' dir='ltr'>est</span> <span class='ocrx_word' id='word_1_73' title='bbox 1119 1248 1188 1306; x_wconf 91' lang='lat' dir='ltr'>de</span> <span class='ocrx_word' id='word_1_74' title='bbox 1208 1248 1530 1306; x_wconf 89' lang='lat' dir='ltr'>substantia</span> <span class='ocrx_word' id='word_1_75' title='bbox 1544 1248 1662 1321; x_wconf 87' lang='lat' dir='ltr'>jus·</span> 
     </span>
     <span class='ocr_line' id='line_1_12' title="bbox 305 1323 1662 1404; baseline 0.004 -25"><span class='ocrx_word' id='word_1_76' title='bbox 305 1347 332 1379; x_wconf 76' lang='grc' dir='ltr'><strong>α</strong></span> <span class='ocrx_word' id='word_1_77' title='bbox 361 1323 693 1382; x_wconf 88' lang='lat' dir='ltr'>tificationis</span> <span class='ocrx_word' id='word_1_78' title='bbox 713 1327 866 1397; x_wconf 90' lang='lat' dir='ltr'>(licet</span> <span class='ocrx_word' id='word_1_79' title='bbox 891 1328 966 1384; x_wconf 92' lang='lat' dir='ltr'>sit</span> <span class='ocrx_word' id='word_1_80' title='bbox 994 1327 1224 1385; x_wconf 83' lang='lat' dir='ltr'>effectus</span> <span class='ocrx_word' id='word_1_81' title='bbox 1261 1329 1463 1404; x_wconf 78' lang='lat' dir='ltr'>gratias</span> <span class='ocrx_word' id='word_1_82' title='bbox 1492 1329 1662 1385; x_wconf 87' lang='lat' dir='ltr'>auxi-</span> 
     </span>
     <span class='ocr_line' id='line_1_13' title="bbox 304 1405 1662 1484; baseline 0.006 -26"><span class='ocrx_word' id='word_1_83' title='bbox 304 1426 330 1458; x_wconf 79' lang='lat'>«</span> <span class='ocrx_word' id='word_1_84' title='bbox 364 1405 582 1471; x_wconf 77' lang='lat' dir='ltr'>liantiS,</span> <span class='ocrx_word' id='word_1_85' title='bbox 614 1412 670 1463; x_wconf 91' lang='lat' dir='ltr'>et</span> <span class='ocrx_word' id='word_1_86' title='bbox 692 1408 794 1464; x_wconf 90' lang='lat' dir='ltr'>Dei</span> <span class='ocrx_word' id='word_1_87' title='bbox 818 1410 1120 1483; x_wconf 88' lang='lat' dir='ltr'>vocantis‚)</span> <span class='ocrx_word' id='word_1_88' title='bbox 1141 1410 1239 1468; x_wconf 91' lang='lat' dir='ltr'>sed</span> <span class='ocrx_word' id='word_1_89' title='bbox 1265 1411 1362 1467; x_wconf 87' lang='lat' dir='ltr'>via</span> <span class='ocrx_word' id='word_1_90' title='bbox 1403 1410 1467 1466; x_wconf 92' lang='lat' dir='ltr'>in</span> <span class='ocrx_word' id='word_1_91' title='bbox 1488 1409 1662 1484; x_wconf 82' lang='lat' dir='ltr'>J&#39;usti-</span> 
     </span>
     <span class='ocr_line' id='line_1_14' title="bbox 305 1487 1660 1556; baseline 0.006 -17"><span class='ocrx_word' id='word_1_92' title='bbox 305 1508 332 1539; x_wconf 77' lang='lat'>«</span> <span class='ocrx_word' id='word_1_93' title='bbox 364 1487 689 1545; x_wconf 86' lang='lat' dir='ltr'>ficationem</span> <span class='ocrx_word' id='word_1_94' title='bbox 710 1512 723 1556; x_wconf 92' lang='lat'>;</span> <span class='ocrx_word' id='word_1_95' title='bbox 748 1489 894 1545; x_wconf 90' lang='lat' dir='ltr'>sicut</span> <span class='ocrx_word' id='word_1_96' title='bbox 921 1498 1108 1549; x_wconf 86' lang='lat' dir='ltr'>motus</span> <span class='ocrx_word' id='word_1_97' title='bbox 1147 1493 1342 1550; x_wconf 88' lang='lat' dir='ltr'>localis</span> <span class='ocrx_word' id='word_1_98' title='bbox 1368 1497 1452 1549; x_wconf 91' lang='lat' dir='ltr'>est</span> <span class='ocrx_word' id='word_1_99' title='bbox 1473 1491 1570 1549; x_wconf 87' lang='lat' dir='ltr'>via</span> <span class='ocrx_word' id='word_1_100' title='bbox 1590 1490 1660 1548; x_wconf 90' lang='lat' dir='ltr'>ad</span> 
     </span>
     <span class='ocr_line' id='line_1_15' title="bbox 308 1571 1662 1649; baseline 0.006 -25"><span class='ocrx_word' id='word_1_101' title='bbox 308 1591 335 1623; x_wconf 81' lang='grc' dir='ltr'><strong><em>α</em></strong></span> <span class='ocrx_word' id='word_1_102' title='bbox 366 1571 882 1638; x_wconf 86' lang='lat' dir='ltr'>illuminationem,</span> <span class='ocrx_word' id='word_1_103' title='bbox 922 1577 977 1630; x_wconf 91' lang='lat' dir='ltr'>et</span> <span class='ocrx_word' id='word_1_104' title='bbox 1004 1574 1267 1631; x_wconf 80' lang='lat' dir='ltr'>alteratio</span> <span class='ocrx_word' id='word_1_105' title='bbox 1306 1574 1376 1632; x_wconf 89' lang='lat' dir='ltr'>ad</span> <span class='ocrx_word' id='word_1_106' title='bbox 1415 1591 1662 1649; x_wconf 90' lang='lat' dir='ltr'>genera-</span> 
     </span>
     <span class='ocr_line' id='line_1_16' title="bbox 308 1650 1662 1730; baseline 0.007 -28"><span class='ocrx_word' id='word_1_107' title='bbox 308 1650 603 1708; x_wconf 81' lang='lat' dir='ltr'>«tionem.</span> <span class='ocrx_word' id='word_1_108' title='bbox 641 1672 664 1702; x_wconf 73' lang='lat' dir='ltr'>n</span> <span class='ocrx_word' id='word_1_109' title='bbox 698 1653 1004 1725; x_wconf 91' lang='lat' dir='ltr'>Loquendo</span> <span class='ocrx_word' id='word_1_110' title='bbox 1049 1654 1225 1728; x_wconf 86' lang='lat' dir='ltr'>igitur</span> <span class='ocrx_word' id='word_1_111' title='bbox 1271 1655 1342 1713; x_wconf 92' lang='lat' dir='ltr'>de</span> <span class='ocrx_word' id='word_1_112' title='bbox 1382 1654 1662 1730; x_wconf 86' lang='lat' dir='ltr'>justifica-</span> 
     </span>
     <span class='ocr_line' id='line_1_17' title="bbox 303 1731 1663 1811; baseline 0.006 -24"><span class='ocrx_word' id='word_1_113' title='bbox 303 1731 463 1789; x_wconf 92' lang='lat' dir='ltr'>tione</span> <span class='ocrx_word' id='word_1_114' title='bbox 489 1733 570 1788; x_wconf 88' lang='lat' dir='ltr'>sic</span> <span class='ocrx_word' id='word_1_115' title='bbox 595 1739 836 1806; x_wconf 87' lang='lat' dir='ltr'>accepta,</span> <span class='ocrx_word' id='word_1_116' title='bbox 862 1740 918 1792; x_wconf 88' lang='lat' dir='ltr'>et</span> <span class='ocrx_word' id='word_1_117' title='bbox 941 1736 1011 1793; x_wconf 92' lang='lat' dir='ltr'>de</span> <span class='ocrx_word' id='word_1_118' title='bbox 1039 1736 1129 1792; x_wconf 91' lang='lat' dir='ltr'>his</span> <span class='ocrx_word' id='word_1_119' title='bbox 1154 1754 1279 1810; x_wconf 69' lang='lat' dir='ltr'>quaa</span> <span class='ocrx_word' id='word_1_120' title='bbox 1306 1737 1377 1793; x_wconf 92' lang='lat' dir='ltr'>ad</span> <span class='ocrx_word' id='word_1_121' title='bbox 1402 1754 1532 1795; x_wconf 91' lang='lat' dir='ltr'>eam</span> <span class='ocrx_word' id='word_1_122' title='bbox 1561 1753 1663 1811; x_wconf 88' lang='lat' dir='ltr'>per</span> 
     </span>
     <span class='ocr_line' id='line_1_18' title="bbox 303 1811 1657 1882; baseline 0.004 -13"><span class='ocrx_word' id='word_1_123' title='bbox 303 1828 366 1869; x_wconf 87' lang='lat' dir='ltr'>se</span> <span class='ocrx_word' id='word_1_124' title='bbox 410 1811 827 1882; x_wconf 84' lang='lat' dir='ltr'>desiderantur,</span> <span class='ocrx_word' id='word_1_125' title='bbox 873 1816 1082 1873; x_wconf 90' lang='lat' dir='ltr'>merito</span> <span class='ocrx_word' id='word_1_126' title='bbox 1121 1818 1371 1874; x_wconf 88' lang='lat' dir='ltr'>affirmat</span> <span class='ocrx_word' id='word_1_127' title='bbox 1414 1820 1469 1874; x_wconf 89' lang='lat' dir='ltr'>S.</span> <span class='ocrx_word' id='word_1_128' title='bbox 1503 1819 1657 1875; x_wconf 88' lang='lat' dir='ltr'>Doct.</span> 
     </span>
     <span class='ocr_line' id='line_1_19' title="bbox 299 1895 1665 1975; baseline 0.004 -25"><span class='ocrx_word' id='word_1_129' title='bbox 299 1895 450 1968; x_wconf 92' lang='lat' dir='ltr'>quod</span> <span class='ocrx_word' id='word_1_130' title='bbox 476 1900 591 1953; x_wconf 90' lang='lat' dir='ltr'>tota</span> <span class='ocrx_word' id='word_1_131' title='bbox 605 1896 939 1971; x_wconf 84' lang='lat' dir='ltr'>justificatio</span> <span class='ocrx_word' id='word_1_132' title='bbox 959 1899 1128 1974; x_wconf 92' lang='lat' dir='ltr'>impii</span> <span class='ocrx_word' id='word_1_133' title='bbox 1145 1900 1514 1975; x_wconf 75' lang='lat' dir='ltr'>originaliter</span> <span class='ocrx_word' id='word_1_134' title='bbox 1535 1916 1665 1957; x_wconf 91' lang='lat' dir='ltr'>con-</span> 
     </span>
     <span class='ocr_line' id='line_1_20' title="bbox 299 1976 1664 2056; baseline 0.004 -23"><span class='ocrx_word' id='word_1_135' title='bbox 299 1976 449 2033; x_wconf 86' lang='lat' dir='ltr'>sistit</span> <span class='ocrx_word' id='word_1_136' title='bbox 477 1976 539 2031; x_wconf 93' lang='lat' dir='ltr'>in</span> <span class='ocrx_word' id='word_1_137' title='bbox 585 1978 879 2036; x_wconf 78' lang='lat' dir='ltr'>infusione</span> <span class='ocrx_word' id='word_1_138' title='bbox 904 1981 1121 2054; x_wconf 82' lang='lat' dir='ltr'>gratiae,</span> <span class='ocrx_word' id='word_1_139' title='bbox 1154 1997 1255 2054; x_wconf 91' lang='lat' dir='ltr'>per</span> <span class='ocrx_word' id='word_1_140' title='bbox 1296 1997 1470 2054; x_wconf 91' lang='lat' dir='ltr'>quam</span> <span class='ocrx_word' id='word_1_141' title='bbox 1497 1983 1664 2056; x_wconf 88' lang='lat' dir='ltr'>culpa</span> 
     </span>
     <span class='ocr_line' id='line_1_21' title="bbox 301 2056 1663 2137; baseline 0.004 -24"><span class='ocrx_word' id='word_1_142' title='bbox 301 2056 651 2125; x_wconf 83' lang='lat' dir='ltr'>remittitur;</span> <span class='ocrx_word' id='word_1_143' title='bbox 694 2059 831 2131; x_wconf 85' lang='lat' dir='ltr'>quia</span> <span class='ocrx_word' id='word_1_144' title='bbox 889 2060 1282 2135; x_wconf 86' lang='lat' dir='ltr'>hujuscemodi</span> <span class='ocrx_word' id='word_1_145' title='bbox 1340 2063 1546 2137; x_wconf 88' lang='lat' dir='ltr'>gratia,</span> <span class='ocrx_word' id='word_1_146' title='bbox 1602 2067 1663 2119; x_wconf 90' lang='lat' dir='ltr'>ut</span> 
     </span>
     <span class='ocr_line' id='line_1_22' title="bbox 302 2139 1664 2212; baseline 0.004 -17"><span class='ocrx_word' id='word_1_147' title='bbox 302 2140 424 2212; x_wconf 90' lang='lat' dir='ltr'>ipse</span> <span class='ocrx_word' id='word_1_148' title='bbox 464 2139 673 2212; x_wconf 92' lang='lat' dir='ltr'>inquit,</span> <span class='ocrx_word' id='word_1_149' title='bbox 714 2149 908 2199; x_wconf 86' lang='lat' dir='ltr'>movet</span> <span class='ocrx_word' id='word_1_150' title='bbox 948 2143 1200 2201; x_wconf 88' lang='lat' dir='ltr'>liberum</span> <span class='ocrx_word' id='word_1_151' title='bbox 1242 2143 1552 2200; x_wconf 85' lang='lat' dir='ltr'>arbitrium</span> <span class='ocrx_word' id='word_1_152' title='bbox 1592 2144 1664 2201; x_wconf 90' lang='lat' dir='ltr'>ad</span> 
     </span>
     <span class='ocr_line' id='line_1_23' title="bbox 302 2220 1665 2293; baseline 0.001 -16"><span class='ocrx_word' id='word_1_153' title='bbox 302 2225 475 2285; x_wconf 89' lang='lat' dir='ltr'>actus,</span> <span class='ocrx_word' id='word_1_154' title='bbox 507 2220 607 2293; x_wconf 90' lang='lat' dir='ltr'>qui</span> <span class='ocrx_word' id='word_1_155' title='bbox 631 2220 695 2277; x_wconf 90' lang='lat' dir='ltr'>in</span> <span class='ocrx_word' id='word_1_156' title='bbox 713 2222 912 2280; x_wconf 84' lang='lat' dir='ltr'>eodem</span> <span class='ocrx_word' id='word_1_157' title='bbox 937 2224 1179 2282; x_wconf 90' lang='lat' dir='ltr'>instanti</span> <span class='ocrx_word' id='word_1_158' title='bbox 1200 2230 1585 2293; x_wconf 88' lang='lat' dir='ltr'>concurrunt;</span> <span class='ocrx_word' id='word_1_159' title='bbox 1608 2229 1665 2282; x_wconf 92' lang='lat' dir='ltr'>et</span> 
     </span>
     <span class='ocr_line' id='line_1_24' title="bbox 301 2301 1664 2378; baseline 0.003 -21"><span class='ocrx_word' id='word_1_160' title='bbox 301 2301 658 2376; x_wconf 85' lang='lat' dir='ltr'>superfluum</span> <span class='ocrx_word' id='word_1_161' title='bbox 678 2308 765 2360; x_wconf 90' lang='lat' dir='ltr'>est</span> <span class='ocrx_word' id='word_1_162' title='bbox 784 2303 1029 2378; x_wconf 87' lang='lat' dir='ltr'>adjicere</span> <span class='ocrx_word' id='word_1_163' title='bbox 1046 2305 1201 2362; x_wconf 89' lang='lat' dir='ltr'>aliud</span> <span class='ocrx_word' id='word_1_164' title='bbox 1225 2306 1509 2362; x_wconf 90' lang='lat' dir='ltr'>auxilium</span> <span class='ocrx_word' id='word_1_165' title='bbox 1540 2304 1664 2361; x_wconf 89' lang='lat' dir='ltr'>suf-</span> 
     </span>
     <span class='ocr_line' id='line_1_25' title="bbox 303 2384 1664 2463; baseline 0.002 -22"><span class='ocrx_word' id='word_1_166' title='bbox 303 2384 503 2442; x_wconf 90' lang='lat' dir='ltr'>ficiens</span> <span class='ocrx_word' id='word_1_167' title='bbox 538 2402 571 2442; x_wconf 87' lang='lat' dir='ltr'>a</span> <span class='ocrx_word' id='word_1_168' title='bbox 613 2384 877 2459; x_wconf 78' lang='lat' dir='ltr'>praedicta</span> <span class='ocrx_word' id='word_1_169' title='bbox 903 2387 1091 2463; x_wconf 80' lang='lat' dir='ltr'>gratia</span> <span class='ocrx_word' id='word_1_170' title='bbox 1116 2386 1472 2444; x_wconf 86' lang='lat' dir='ltr'>distinctum.</span> <span class='ocrx_word' id='word_1_171' title='bbox 1500 2386 1664 2444; x_wconf 91' lang='lat' dir='ltr'>Unde</span> 
     </span>
     <span class='ocr_line' id='line_1_26' title="bbox 306 2466 1664 2543; baseline 0.003 -22"><span class='ocrx_word' id='word_1_172' title='bbox 306 2481 518 2541; x_wconf 91' lang='lat' dir='ltr'>magna</span> <span class='ocrx_word' id='word_1_173' title='bbox 566 2466 1054 2540; x_wconf 83' lang='lat' dir='ltr'>circunspectione</span> <span class='ocrx_word' id='word_1_174' title='bbox 1119 2469 1183 2524; x_wconf 93' lang='lat' dir='ltr'>D.</span> <span class='ocrx_word' id='word_1_175' title='bbox 1235 2468 1441 2525; x_wconf 89' lang='lat' dir='ltr'>Thom.</span> <span class='ocrx_word' id='word_1_176' title='bbox 1489 2484 1664 2543; x_wconf 88' lang='lat' dir='ltr'>supra</span> 
     </span>
     <span class='ocr_line' id='line_1_27' title="bbox 307 2547 1665 2625; baseline 0.004 -23"><span class='ocrx_word' id='word_1_177' title='bbox 307 2556 492 2625; x_wconf 60' lang='lat' dir='ltr'>quast.</span> <span class='ocrx_word' id='word_1_178' title='bbox 551 2549 673 2615; x_wconf 88' lang='lat'><strong>109,</strong></span> <span class='ocrx_word' id='word_1_179' title='bbox 720 2556 831 2606; x_wconf 80' lang='lat' dir='ltr'>art.</span> <span class='ocrx_word' id='word_1_180' title='bbox 873 2551 929 2616; x_wconf 89' lang='grc'>6,</span> <span class='ocrx_word' id='word_1_181' title='bbox 960 2547 1253 2622; x_wconf 83' lang='lat' dir='ltr'>explicans</span> <span class='ocrx_word' id='word_1_182' title='bbox 1291 2565 1468 2623; x_wconf 90' lang='lat' dir='ltr'>quare</span> <span class='ocrx_word' id='word_1_183' title='bbox 1494 2549 1665 2607; x_wconf 90' lang='lat' dir='ltr'>auxi-</span> 
     </span>
     <span class='ocr_line' id='line_1_28' title="bbox 306 2629 1664 2705; baseline 0.001 -21"><span class='ocrx_word' id='word_1_184' title='bbox 306 2630 457 2685; x_wconf 90' lang='lat' dir='ltr'>lium</span> <span class='ocrx_word' id='word_1_185' title='bbox 505 2629 854 2703; x_wconf 83' lang='lat' dir='ltr'>requiratur,</span> <span class='ocrx_word' id='word_1_186' title='bbox 898 2636 962 2686; x_wconf 91' lang='lat' dir='ltr'>ut</span> <span class='ocrx_word' id='word_1_187' title='bbox 1004 2631 1176 2688; x_wconf 90' lang='lat' dir='ltr'>homo</span> <span class='ocrx_word' id='word_1_188' title='bbox 1214 2630 1553 2705; x_wconf 87' lang='lat' dir='ltr'>disponatur</span> <span class='ocrx_word' id='word_1_189' title='bbox 1592 2630 1664 2687; x_wconf 91' lang='lat' dir='ltr'>ad</span> 
     </span>
     <span class='ocr_line' id='line_1_29' title="bbox 303 2708 1664 2785; baseline 0.002 -21"><span class='ocrx_word' id='word_1_190' title='bbox 303 2708 555 2783; x_wconf 84' lang='lat' dir='ltr'>gratiam</span> <span class='ocrx_word' id='word_1_191' title='bbox 580 2709 953 2777; x_wconf 88' lang='lat' dir='ltr'>habitualem,</span> <span class='ocrx_word' id='word_1_192' title='bbox 969 2710 1116 2767; x_wconf 82' lang='lat' dir='ltr'>dixit</span> <span class='ocrx_word' id='word_1_193' title='bbox 1131 2727 1248 2768; x_wconf 91' lang='lat' dir='ltr'>non</span> <span class='ocrx_word' id='word_1_194' title='bbox 1264 2710 1481 2785; x_wconf 90' lang='lat' dir='ltr'>requiri</span> <span class='ocrx_word' id='word_1_195' title='bbox 1505 2711 1664 2768; x_wconf 92' lang='lat' dir='ltr'>aliud</span> 
     </span>
     <span class='ocr_line' id='line_1_30' title="bbox 305 2791 1658 2866; baseline 0.002 -19"><span class='ocrx_word' id='word_1_196' title='bbox 305 2792 593 2848; x_wconf 90' lang='lat' dir='ltr'>auxilium</span> <span class='ocrx_word' id='word_1_197' title='bbox 636 2791 927 2850; x_wconf 84' lang='lat' dir='ltr'>habituale</span> <span class='ocrx_word' id='word_1_198' title='bbox 961 2809 1114 2866; x_wconf 82' lang='lat' dir='ltr'>:quo</span> <span class='ocrx_word' id='word_1_199' title='bbox 1139 2794 1276 2851; x_wconf 90' lang='lat' dir='ltr'>satis</span> <span class='ocrx_word' id='word_1_200' title='bbox 1319 2794 1658 2861; x_wconf 86' lang='lat' dir='ltr'>insinuavit,</span> 
     </span>
     <span class='ocr_line' id='line_1_31' title="bbox 303 2870 1657 2949; baseline 0.003 -22"><span class='ocrx_word' id='word_1_201' title='bbox 303 2871 542 2944; x_wconf 91' lang='lat' dir='ltr'>requiri,</span> <span class='ocrx_word' id='word_1_202' title='bbox 568 2878 625 2928; x_wconf 90' lang='lat' dir='ltr'>et</span> <span class='ocrx_word' id='word_1_203' title='bbox 643 2870 899 2929; x_wconf 87' lang='lat' dir='ltr'>sufficere</span> <span class='ocrx_word' id='word_1_204' title='bbox 938 2872 1128 2945; x_wconf 89' lang='lat' dir='ltr'>ipsum</span> <span class='ocrx_word' id='word_1_205' title='bbox 1158 2872 1420 2930; x_wconf 92' lang='lat' dir='ltr'>habitum</span> <span class='ocrx_word' id='word_1_206' title='bbox 1440 2873 1657 2949; x_wconf 83' lang='lat' dir='ltr'>gratiae,</span> 
     </span>
     <span class='ocr_line' id='line_1_32' title="bbox 99 2952 1658 3029; baseline 0.004 -24"><span class='ocrx_word' id='word_1_207' title='bbox 99 2963 271 3007; x_wconf 79' lang='lat' dir='ltr'>valent.</span> <span class='ocrx_word' id='word_1_208' title='bbox 302 2958 364 3009; x_wconf 92' lang='lat' dir='ltr'>ut</span> <span class='ocrx_word' id='word_1_209' title='bbox 393 2958 541 3011; x_wconf 89' lang='lat' dir='ltr'>recte</span> <span class='ocrx_word' id='word_1_210' title='bbox 562 2952 890 3011; x_wconf 77' lang='lat' dir='ltr'>observavit</span> <span class='ocrx_word' id='word_1_211' title='bbox 912 2956 1181 3014; x_wconf 88' lang='lat' dir='ltr'>Valentia</span> <span class='ocrx_word' id='word_1_212' title='bbox 1207 2963 1339 3012; x_wconf 82' lang='lat' dir='ltr'>tom.</span> <span class='ocrx_word' id='word_1_213' title='bbox 1364 2956 1416 3021; x_wconf 89' lang='lat'>3,</span> <span class='ocrx_word' id='word_1_214' title='bbox 1436 2957 1578 3029; x_wconf 79' lang='lat' dir='ltr'>disp.</span> <span class='ocrx_word' id='word_1_215' title='bbox 1604 2957 1658 3021; x_wconf 91' lang='lat'>8,</span> 
     </span>
     <span class='ocr_line' id='line_1_33' title="bbox 299 3037 1664 3116; baseline 0.002 -25"><span class='ocrx_word' id='word_1_216' title='bbox 299 3044 483 3116; x_wconf 72' lang='lat' dir='ltr'>quaest.</span> <span class='ocrx_word' id='word_1_217' title='bbox 517 3038 571 3101; x_wconf 87' lang='lat'>5,</span> <span class='ocrx_word' id='word_1_218' title='bbox 596 3043 785 3110; x_wconf 80' lang='lat' dir='ltr'>punct.</span> <span class='ocrx_word' id='word_1_219' title='bbox 811 3038 866 3092; x_wconf 86' lang='grc'>4.</span> <span class='ocrx_word' id='word_1_220' title='bbox 894 3038 1077 3094; x_wconf 91' lang='lat' dir='ltr'>Immo</span> <span class='ocrx_word' id='word_1_221' title='bbox 1103 3037 1152 3092; x_wconf 90' lang='lat' dir='ltr'>si</span> <span class='ocrx_word' id='word_1_222' title='bbox 1174 3043 1329 3094; x_wconf 88' lang='lat' dir='ltr'>actus</span> <span class='ocrx_word' id='word_1_223' title='bbox 1360 3039 1568 3096; x_wconf 93' lang='lat' dir='ltr'>ultimo</span> <span class='ocrx_word' id='word_1_224' title='bbox 1593 3037 1664 3094; x_wconf 89' lang='lat' dir='ltr'>ad</span> 
     </span>
     <span class='ocr_line' id='line_1_34' title="bbox 293 3117 1663 3191; baseline 0.002 -17"><span class='ocrx_word' id='word_1_225' title='bbox 293 3117 765 3191; x_wconf 83' lang='lat' dir='ltr'>justificationem</span> <span class='ocrx_word' id='word_1_226' title='bbox 807 3117 1174 3191; x_wconf 85' lang='lat' dir='ltr'>disponentes</span> <span class='ocrx_word' id='word_1_227' title='bbox 1212 3119 1560 3176; x_wconf 89' lang='lat' dir='ltr'>elicerentur</span> <span class='ocrx_word' id='word_1_228' title='bbox 1599 3121 1663 3177; x_wconf 92' lang='lat' dir='ltr'>in</span> 
     </span>
     <span class='ocr_line' id='line_1_35' title="bbox 296 3198 1664 3267; baseline 0 -11"><span class='ocrx_word' id='word_1_229' title='bbox 296 3200 515 3256; x_wconf 86' lang='lat' dir='ltr'>virtute</span> <span class='ocrx_word' id='word_1_230' title='bbox 543 3198 779 3255; x_wconf 88' lang='lat' dir='ltr'>alterius</span> <span class='ocrx_word' id='word_1_231' title='bbox 799 3199 1003 3256; x_wconf 90' lang='lat' dir='ltr'>auxilii</span> <span class='ocrx_word' id='word_1_232' title='bbox 1026 3198 1376 3267; x_wconf 84' lang='lat' dir='ltr'>sufficientis,</span> <span class='ocrx_word' id='word_1_233' title='bbox 1402 3199 1664 3257; x_wconf 88' lang='lat' dir='ltr'>falsifica-</span> 
     </span>
     <span class='ocr_line' id='line_1_36' title="bbox 298 3280 1665 3357; baseline -0.001 -18"><span class='ocrx_word' id='word_1_234' title='bbox 298 3286 460 3339; x_wconf 83' lang='lat' dir='ltr'>retur</span> <span class='ocrx_word' id='word_1_235' title='bbox 480 3280 721 3338; x_wconf 86' lang='lat' dir='ltr'>assertio</span> <span class='ocrx_word' id='word_1_236' title='bbox 741 3282 795 3338; x_wconf 89' lang='lat' dir='ltr'>S.</span> <span class='ocrx_word' id='word_1_237' title='bbox 837 3284 994 3338; x_wconf 91' lang='lat' dir='ltr'>Doct.</span> <span class='ocrx_word' id='word_1_238' title='bbox 1024 3297 1232 3355; x_wconf 90' lang='lat' dir='ltr'>nempe</span> <span class='ocrx_word' id='word_1_239' title='bbox 1258 3287 1437 3339; x_wconf 91' lang='lat' dir='ltr'>totam</span> <span class='ocrx_word' id='word_1_240' title='bbox 1459 3280 1665 3357; x_wconf 83' lang='lat' dir='ltr'>justifi-</span> 
     </span>
     <span class='ocr_line' id='line_1_37' title="bbox 296 3363 1664 3438; baseline 0 -18"><span class='ocrx_word' id='word_1_241' title='bbox 296 3363 582 3420; x_wconf 90' lang='lat' dir='ltr'>cationem</span> <span class='ocrx_word' id='word_1_242' title='bbox 623 3364 932 3420; x_wconf 86' lang='lat' dir='ltr'>consistere</span> <span class='ocrx_word' id='word_1_243' title='bbox 971 3363 1337 3438; x_wconf 81' lang='lat' dir='ltr'>originaliter</span> <span class='ocrx_word' id='word_1_244' title='bbox 1389 3364 1453 3419; x_wconf 92' lang='lat' dir='ltr'>in</span> <span class='ocrx_word' id='word_1_245' title='bbox 1502 3363 1664 3420; x_wconf 90' lang='lat' dir='ltr'>infu-</span> 
     </span>
     <span class='ocr_line' id='line_1_38' title="bbox 298 3443 1659 3519; baseline 0.001 -20"><span class='ocrx_word' id='word_1_246' title='bbox 298 3444 460 3502; x_wconf 85' lang='lat' dir='ltr'>sione</span> <span class='ocrx_word' id='word_1_247' title='bbox 486 3443 704 3519; x_wconf 81' lang='lat' dir='ltr'>gratiae,</span> <span class='ocrx_word' id='word_1_248' title='bbox 759 3460 860 3517; x_wconf 90' lang='lat' dir='ltr'>per</span> <span class='ocrx_word' id='word_1_249' title='bbox 904 3459 1079 3515; x_wconf 90' lang='lat' dir='ltr'>quam</span> <span class='ocrx_word' id='word_1_250' title='bbox 1126 3445 1291 3518; x_wconf 88' lang='lat' dir='ltr'>culpa</span> <span class='ocrx_word' id='word_1_251' title='bbox 1321 3446 1659 3513; x_wconf 87' lang='lat' dir='ltr'>remittitur,</span> 
     </span>
    </p>
   </div>
   <div class='ocr_carea' id='block_1_3' title="bbox 303 3525 971 3582">
    <p class='ocr_par' dir='ltr' id='par_1_3' title="bbox 303 3525 971 3582">
     <span class='ocr_line' id='line_1_39' title="bbox 303 3525 971 3582; baseline 0 -3"><span class='ocrx_word' id='word_1_252' title='bbox 303 3530 369 3580; x_wconf 93' lang='lat' dir='ltr'>ut</span> <span class='ocrx_word' id='word_1_253' title='bbox 393 3525 529 3580; x_wconf 88' lang='lat' dir='ltr'>satis</span> <span class='ocrx_word' id='word_1_254' title='bbox 549 3541 619 3581; x_wconf 89' lang='lat' dir='ltr'>ex</span> <span class='ocrx_word' id='word_1_255' title='bbox 646 3541 707 3581; x_wconf 90' lang='lat' dir='ltr'>se</span> <span class='ocrx_word' id='word_1_256' title='bbox 731 3529 971 3582; x_wconf 91' lang='lat' dir='ltr'>constat.</span> 
     </span>
    </p>
   </div>
   <div class='ocr_carea' id='block_1_4' title="bbox 85 3596 1667 3842">
    <p class='ocr_par' dir='ltr' id='par_1_4' title="bbox 85 3596 1667 3842">
     <span class='ocr_line' id='line_1_40' title="bbox 85 3596 1664 3672; baseline 0.002 -21"><span class='ocrx_word' id='word_1_257' title='bbox 85 3600 179 3651; x_wconf 81' lang='lat' dir='ltr'>Quo</span> <span class='ocrx_word' id='word_1_258' title='bbox 195 3608 296 3661; x_wconf 65' lang='lat' dir='ltr'>sen·</span> <span class='ocrx_word' id='word_1_259' title='bbox 379 3599 470 3653; x_wconf 83' lang='lat'>54.</span> <span class='ocrx_word' id='word_1_260' title='bbox 514 3597 603 3653; x_wconf 87' lang='lat' dir='ltr'>Ad</span> <span class='ocrx_word' id='word_1_261' title='bbox 662 3598 971 3655; x_wconf 88' lang='lat' dir='ltr'>secundam</span> <span class='ocrx_word' id='word_1_262' title='bbox 1033 3596 1410 3671; x_wconf 89' lang='lat' dir='ltr'>respondetur</span> <span class='ocrx_word' id='word_1_263' title='bbox 1432 3641 1445 3666; x_wconf 92' lang='lat'><strong><em>‚</em></strong></span> <span class='ocrx_word' id='word_1_264' title='bbox 1514 3597 1664 3672; x_wconf 91' lang='lat' dir='ltr'>quod</span> 
     </span>
     <span class='ocr_line' id='line_1_41' title="bbox 97 3649 1660 3757; baseline 0.003 -24"><span class='ocrx_word' id='word_1_265' title='bbox 97 3649 276 3756; x_wconf 41' lang='lat'>⁸⁰33?</span> <span class='ocrx_word' id='word_1_266' title='bbox 306 3678 533 3752; x_wconf 91' lang='lat' dir='ltr'>quando</span> <span class='ocrx_word' id='word_1_267' title='bbox 555 3682 622 3735; x_wconf 92' lang='lat' dir='ltr'>D.</span> <span class='ocrx_word' id='word_1_268' title='bbox 656 3679 863 3736; x_wconf 89' lang='lat' dir='ltr'>Thom.</span> <span class='ocrx_word' id='word_1_269' title='bbox 907 3681 969 3735; x_wconf 81' lang='lat' dir='ltr'>in</span> <span class='ocrx_word' id='word_1_270' title='bbox 992 3686 1174 3757; x_wconf 75' lang='lat' dir='ltr'>quaest.</span> <span class='ocrx_word' id='word_1_271' title='bbox 1206 3680 1302 3734; x_wconf 83' lang='lat' dir='ltr'>cit.</span> <span class='ocrx_word' id='word_1_272' title='bbox 1330 3680 1393 3735; x_wconf 78' lang='lat' dir='ltr'>de</span> <span class='ocrx_word' id='word_1_273' title='bbox 1436 3679 1660 3738; x_wconf 66' lang='lat' dir='ltr'>veritae.</span> 
     </span>
     <span class='ocr_line' id='line_1_42' title="bbox 87 3748 1667 3842; baseline 0.001 -26"><span class='ocrx_word' id='word_1_274' title='bbox 87 3748 282 3842; x_wconf 60' lang='lat' dir='ltr'>ffifflss&#39;.</span> <span class='ocrx_word' id='word_1_275' title='bbox 306 3761 464 3818; x_wconf 90' lang='lat' dir='ltr'>docet</span> <span class='ocrx_word' id='word_1_276' title='bbox 495 3760 646 3820; x_wconf 90' lang='lat' dir='ltr'>nihil</span> <span class='ocrx_word' id='word_1_277' title='bbox 669 3759 926 3817; x_wconf 90' lang='lat' dir='ltr'>medium</span> <span class='ocrx_word' id='word_1_278' title='bbox 952 3759 1154 3817; x_wconf 90' lang='lat' dir='ltr'>cadere</span> <span class='ocrx_word' id='word_1_279' title='bbox 1195 3776 1356 3833; x_wconf 90' lang='lat' dir='ltr'>posse</span> <span class='ocrx_word' id='word_1_280' title='bbox 1390 3761 1544 3819; x_wconf 89' lang='lat' dir='ltr'>iuter</span> <span class='ocrx_word' id='word_1_281' title='bbox 1569 3762 1667 3817; x_wconf 89' lang='lat' dir='ltr'>in-</span> 
     </span>
    </p>
   </div>
   <div class='ocr_carea' id='block_1_5' title="bbox 87 3840 1669 4320">
    <p class='ocr_par' dir='ltr' id='par_1_5' title="bbox 87 3840 1669 4153">
     <span class='ocr_line' id='line_1_43' title="bbox 87 3840 1667 3939; baseline 0.001 -41"><span class='ocrx_word' id='word_1_282' title='bbox 87 3845 297 3939; x_wconf 47' lang='lat' dir='ltr'>‘unianimem</span> <span class='ocrx_word' id='word_1_283' title='bbox 311 3843 595 3899; x_wconf 84' lang='lat' dir='ltr'>fusionem</span> <span class='ocrx_word' id='word_1_284' title='bbox 620 3843 823 3917; x_wconf 83' lang='lat' dir='ltr'>gratiae</span> <span class='ocrx_word' id='word_1_285' title='bbox 842 3840 1272 3908; x_wconf 87' lang='lat' dir='ltr'>sanctificantis,</span> <span class='ocrx_word' id='word_1_286' title='bbox 1292 3847 1349 3899; x_wconf 90' lang='lat' dir='ltr'>et</span> <span class='ocrx_word' id='word_1_287' title='bbox 1370 3844 1667 3900; x_wconf 90' lang='lat' dir='ltr'>remissio-</span> 
     </span>
     <span class='ocr_line' id='line_1_44' title="bbox 87 3902 1669 3996; baseline 0 -17"><span class='ocrx_word' id='word_1_288' title='bbox 87 3953 113 3988; x_wconf 54' lang='grc' dir='ltr'><strong>ε</strong></span> <span class='ocrx_word' id='word_1_289' title='bbox 137 3902 444 3990; x_wconf 50' lang='grc' dir='ltr'>ἓξὲξ-τιθῶ</span> <span class='ocrx_word' id='word_1_290' title='bbox 474 3922 670 3994; x_wconf 67' lang='lat' dir='ltr'>culpae,</span> <span class='ocrx_word' id='word_1_291' title='bbox 702 3922 961 3996; x_wconf 90' lang='lat' dir='ltr'>loquitur</span> <span class='ocrx_word' id='word_1_292' title='bbox 985 3921 1055 3978; x_wconf 92' lang='lat' dir='ltr'>de</span> <span class='ocrx_word' id='word_1_293' title='bbox 1095 3921 1284 3979; x_wconf 90' lang='lat' dir='ltr'>medio</span> <span class='ocrx_word' id='word_1_294' title='bbox 1313 3922 1608 3980; x_wconf 78' lang='lat' dir='ltr'>auferente</span> <span class='ocrx_word' id='word_1_295' title='bbox 1635 3939 1669 3979; x_wconf 90' lang='lat' dir='ltr'>a</span> 
     </span>
     <span class='ocr_line' id='line_1_45' title="bbox 105 3992 1667 4097; baseline 0.001 -36"><span class='ocrx_word' id='word_1_296' title='bbox 105 3992 269 4097; x_wconf 44' lang='lat' dir='ltr'>{³1⁰2ss</span> <span class='ocrx_word' id='word_1_297' title='bbox 312 4003 578 4078; x_wconf 81' lang='lat' dir='ltr'>praedicta</span> <span class='ocrx_word' id='word_1_298' title='bbox 602 4004 787 4077; x_wconf 85' lang='lat' dir='ltr'>gratia</span> <span class='ocrx_word' id='word_1_299' title='bbox 816 4005 1099 4061; x_wconf 90' lang='lat' dir='ltr'>rationem</span> <span class='ocrx_word' id='word_1_300' title='bbox 1124 4003 1328 4060; x_wconf 83' lang='lat' dir='ltr'>formae</span> <span class='ocrx_word' id='word_1_301' title='bbox 1344 4002 1667 4078; x_wconf 84' lang='lat' dir='ltr'>justifican-</span> 
     </span>
     <span class='ocr_line' id='line_1_46' title="bbox 256 4077 1668 4153; baseline 0.001 -11"><span class='ocrx_word' id='word_1_302' title='bbox 256 4077 266 4088; x_wconf 82' lang='grc'><strong><em>’</em></strong></span> <span class='ocrx_word' id='word_1_303' title='bbox 309 4087 384 4142; x_wconf 90' lang='lat' dir='ltr'>tis</span> <span class='ocrx_word' id='word_1_304' title='bbox 411 4086 754 4153; x_wconf 87' lang='lat' dir='ltr'>formaliter,</span> <span class='ocrx_word' id='word_1_305' title='bbox 778 4092 834 4143; x_wconf 91' lang='lat' dir='ltr'>et</span> <span class='ocrx_word' id='word_1_306' title='bbox 853 4085 1207 4151; x_wconf 88' lang='lat' dir='ltr'>immediate,</span> <span class='ocrx_word' id='word_1_307' title='bbox 1238 4090 1295 4143; x_wconf 94' lang='lat' dir='ltr'>et</span> <span class='ocrx_word' id='word_1_308' title='bbox 1320 4087 1520 4144; x_wconf 91' lang='lat' dir='ltr'>eodem</span> <span class='ocrx_word' id='word_1_309' title='bbox 1548 4102 1668 4143; x_wconf 90' lang='lat' dir='ltr'>mo·</span> 
     </span>
    </p>

    <p class='ocr_par' dir='ltr' id='par_1_6' title="bbox 306 4165 1668 4320">
     <span class='ocr_line' id='line_1_47' title="bbox 308 4165 1668 4239; baseline 0.001 -18"><span class='ocrx_word' id='word_1_310' title='bbox 308 4165 383 4222; x_wconf 91' lang='lat' dir='ltr'>do</span> <span class='ocrx_word' id='word_1_311' title='bbox 408 4165 751 4239; x_wconf 87' lang='lat' dir='ltr'>expellentis</span> <span class='ocrx_word' id='word_1_312' title='bbox 793 4166 1039 4239; x_wconf 86' lang='lat' dir='ltr'>culpam.</span> <span class='ocrx_word' id='word_1_313' title='bbox 1092 4167 1354 4238; x_wconf 89' lang='lat' dir='ltr'>Disputat</span> <span class='ocrx_word' id='word_1_314' title='bbox 1377 4166 1534 4224; x_wconf 92' lang='lat' dir='ltr'>enim</span> <span class='ocrx_word' id='word_1_315' title='bbox 1563 4167 1668 4223; x_wconf 91' lang='lat' dir='ltr'>ad-</span> 
     </span>
     <span class='ocr_line' id='line_1_48' title="bbox 306 4247 1662 4320; baseline -0.001 -17"><span class='ocrx_word' id='word_1_316' title='bbox 306 4262 509 4304; x_wconf 86' lang='lat' dir='ltr'>versus</span> <span class='ocrx_word' id='word_1_317' title='bbox 531 4247 682 4312; x_wconf 91' lang='lat' dir='ltr'>illos,</span> <span class='ocrx_word' id='word_1_318' title='bbox 708 4247 802 4320; x_wconf 90' lang='lat' dir='ltr'>qui</span> <span class='ocrx_word' id='word_1_319' title='bbox 819 4247 1099 4313; x_wconf 90' lang='lat' dir='ltr'>dicebant,</span> <span class='ocrx_word' id='word_1_320' title='bbox 1115 4269 1140 4302; x_wconf 85' lang='grc' dir='ltr'><strong>α</strong></span> <span class='ocrx_word' id='word_1_321' title='bbox 1157 4247 1307 4320; x_wconf 91' lang='lat' dir='ltr'>quod</span> <span class='ocrx_word' id='word_1_322' title='bbox 1321 4253 1509 4305; x_wconf 91' lang='lat' dir='ltr'>motus</span> <span class='ocrx_word' id='word_1_323' title='bbox 1525 4248 1618 4304; x_wconf 89' lang='lat' dir='ltr'>isti</span> <span class='ocrx_word' id='word_1_324' title='bbox 1636 4269 1662 4301; x_wconf 70' lang='lat' dir='ltr'>n</span> 
     </span>
    </p>
   </div>
   <div class='ocr_carea' id='block_1_6' title="bbox 306 4328 1668 4403">
    <p class='ocr_par' dir='ltr' id='par_1_7' title="bbox 306 4328 1668 4403">
     <span class='ocr_line' id='line_1_49' title="bbox 306 4328 1668 4403; baseline 0 -18"><span class='ocrx_word' id='word_1_325' title='bbox 306 4330 538 4401; x_wconf 90' lang='lat' dir='ltr'>(nempe</span> <span class='ocrx_word' id='word_1_326' title='bbox 565 4329 771 4385; x_wconf 89' lang='lat' dir='ltr'>ultimo</span> <span class='ocrx_word' id='word_1_327' title='bbox 797 4328 1165 4402; x_wconf 86' lang='lat' dir='ltr'>disponentes</span> <span class='ocrx_word' id='word_1_328' title='bbox 1192 4328 1262 4385; x_wconf 90' lang='lat' dir='ltr'>ad</span> <span class='ocrx_word' id='word_1_329' title='bbox 1304 4329 1668 4403; x_wconf 72' lang='lat' dir='ltr'>iustificatio-</span> 
     </span>
    </p>
   </div>
   <div class='ocr_carea' id='block_1_7' title="bbox 302 4411 1701 4485">
    <p class='ocr_par' dir='ltr' id='par_1_8' title="bbox 302 4411 1701 4485">
     <span class='ocr_line' id='line_1_50' title="bbox 302 4411 1701 4485; baseline 0.001 -18"><span class='ocrx_word' id='word_1_330' title='bbox 302 4414 465 4481; x_wconf 88' lang='lat' dir='ltr'>nem)</span> <span class='ocrx_word' id='word_1_331' title='bbox 497 4433 523 4464; x_wconf 77' lang='grc' dir='ltr'>α</span> <span class='ocrx_word' id='word_1_332' title='bbox 550 4415 686 4466; x_wconf 90' lang='lat' dir='ltr'>sunt</span> <span class='ocrx_word' id='word_1_333' title='bbox 707 4411 1014 4477; x_wconf 87' lang='lat' dir='ltr'>meritorii,</span> <span class='ocrx_word' id='word_1_334' title='bbox 1042 4416 1098 4468; x_wconf 91' lang='lat' dir='ltr'>et</span> <span class='ocrx_word' id='word_1_335' title='bbox 1121 4412 1310 4485; x_wconf 89' lang='lat' dir='ltr'>gratia</span> <span class='ocrx_word' id='word_1_336' title='bbox 1331 4411 1663 4469; x_wconf 87' lang='lat' dir='ltr'>informati:</span> <span class='ocrx_word' id='word_1_337' title='bbox 1684 4433 1701 4441; x_wconf 37' lang='lat' dir='ltr'>r</span> 
     </span>
    </p>
   </div>
   <div class='ocr_carea' id='block_1_8' title="bbox 308 4492 1668 5053">
    <p class='ocr_par' dir='ltr' id='par_1_9' title="bbox 308 4492 1668 5053">
     <span class='ocr_line' id='line_1_51' title="bbox 310 4492 1660 4567; baseline 0.002 -21"><span class='ocrx_word' id='word_1_338' title='bbox 310 4514 338 4546; x_wconf 77' lang='grc' dir='ltr'><strong>α</strong></span> <span class='ocrx_word' id='word_1_339' title='bbox 366 4492 520 4549; x_wconf 91' lang='lat' dir='ltr'>unde</span> <span class='ocrx_word' id='word_1_340' title='bbox 583 4493 928 4550; x_wconf 88' lang='lat' dir='ltr'>naturaliter</span> <span class='ocrx_word' id='word_1_341' title='bbox 996 4493 1247 4566; x_wconf 90' lang='lat' dir='ltr'>gratiam</span> <span class='ocrx_word' id='word_1_342' title='bbox 1323 4499 1660 4567; x_wconf 89' lang='lat' dir='ltr'>sequuntur.</span> 
     </span>
     <span class='ocr_line' id='line_1_52' title="bbox 312 4571 1667 4648; baseline 0.004 -21"><span class='ocrx_word' id='word_1_343' title='bbox 312 4595 338 4627; x_wconf 79' lang='grc' dir='ltr'>α</span> <span class='ocrx_word' id='word_1_344' title='bbox 368 4571 703 4630; x_wconf 83' lang='lat' dir='ltr'>Praecedunt</span> <span class='ocrx_word' id='word_1_345' title='bbox 724 4578 914 4630; x_wconf 90' lang='lat' dir='ltr'>autem</span> <span class='ocrx_word' id='word_1_346' title='bbox 944 4572 1346 4631; x_wconf 90' lang='lat' dir='ltr'>remissionem</span> <span class='ocrx_word' id='word_1_347' title='bbox 1369 4576 1547 4648; x_wconf 82' lang='lat' dir='ltr'>culpae</span> <span class='ocrx_word' id='word_1_348' title='bbox 1569 4591 1667 4632; x_wconf 87' lang='lat' dir='ltr'>na-</span> 
     </span>
     <span class='ocr_line' id='line_1_53' title="bbox 309 4651 1667 4727; baseline 0.003 -19"><span class='ocrx_word' id='word_1_349' title='bbox 309 4675 335 4708; x_wconf 79' lang='grc' dir='ltr'><strong>α</strong></span> <span class='ocrx_word' id='word_1_350' title='bbox 367 4653 653 4718; x_wconf 89' lang='lat' dir='ltr'>turaliter,</span> <span class='ocrx_word' id='word_1_351' title='bbox 685 4651 821 4725; x_wconf 91' lang='lat' dir='ltr'>quia</span> <span class='ocrx_word' id='word_1_352' title='bbox 863 4652 1052 4727; x_wconf 89' lang='lat' dir='ltr'>gratia</span> <span class='ocrx_word' id='word_1_353' title='bbox 1078 4669 1181 4727; x_wconf 88' lang='lat' dir='ltr'>per</span> <span class='ocrx_word' id='word_1_354' title='bbox 1225 4654 1328 4710; x_wconf 91' lang='lat' dir='ltr'>hos</span> <span class='ocrx_word' id='word_1_355' title='bbox 1375 4660 1528 4711; x_wconf 91' lang='lat' dir='ltr'>actus</span> <span class='ocrx_word' id='word_1_356' title='bbox 1570 4672 1667 4713; x_wconf 91' lang='lat' dir='ltr'>re·-</span> 
     </span>
     <span class='ocr_line' id='line_1_54' title="bbox 312 4732 1666 4807; baseline 0.004 -19"><span class='ocrx_word' id='word_1_357' title='bbox 312 4756 339 4788; x_wconf 78' lang='grc' dir='ltr'><strong>α</strong></span> <span class='ocrx_word' id='word_1_358' title='bbox 368 4733 709 4790; x_wconf 90' lang='lat' dir='ltr'>missionem</span> <span class='ocrx_word' id='word_1_359' title='bbox 737 4732 919 4806; x_wconf 78' lang='lat' dir='ltr'>culpae</span> <span class='ocrx_word' id='word_1_360' title='bbox 944 4740 1235 4807; x_wconf 88' lang='lat' dir='ltr'>operatur.</span> <span class='ocrx_word' id='word_1_361' title='bbox 1269 4755 1295 4786; x_wconf 73' lang='grc' dir='ltr'>ιο</span> <span class='ocrx_word' id='word_1_362' title='bbox 1328 4736 1446 4792; x_wconf 89' lang='lat' dir='ltr'>Hoc</span> <span class='ocrx_word' id='word_1_363' title='bbox 1474 4741 1666 4794; x_wconf 90' lang='lat' dir='ltr'>autem</span> 
     </span>
     <span class='ocr_line' id='line_1_55' title="bbox 308 4815 1668 4889; baseline 0.001 -16"><span class='ocrx_word' id='word_1_364' title='bbox 308 4816 523 4873; x_wconf 76' lang='lat' dir='ltr'>refellit</span> <span class='ocrx_word' id='word_1_365' title='bbox 546 4818 606 4870; x_wconf 90' lang='lat' dir='ltr'>S.</span> <span class='ocrx_word' id='word_1_366' title='bbox 632 4817 837 4873; x_wconf 90' lang='lat' dir='ltr'>Doctor</span> <span class='ocrx_word' id='word_1_367' title='bbox 866 4835 879 4871; x_wconf 73' lang='grc' dir='ltr'><strong>ε</strong></span> <span class='ocrx_word' id='word_1_368' title='bbox 916 4837 942 4868; x_wconf 87' lang='lat'>«</span> <span class='ocrx_word' id='word_1_369' title='bbox 971 4819 1118 4873; x_wconf 89' lang='lat' dir='ltr'>Nam</span> <span class='ocrx_word' id='word_1_370' title='bbox 1145 4815 1296 4889; x_wconf 93' lang='lat' dir='ltr'>quod</span> <span class='ocrx_word' id='word_1_371' title='bbox 1334 4823 1527 4874; x_wconf 91' lang='lat' dir='ltr'>causat</span> <span class='ocrx_word' id='word_1_372' title='bbox 1553 4819 1668 4875; x_wconf 91' lang='lat' dir='ltr'>ali-</span> 
     </span>
     <span class='ocr_line' id='line_1_56' title="bbox 316 4895 1666 4971; baseline 0.004 -20"><span class='ocrx_word' id='word_1_373' title='bbox 316 4920 341 4952; x_wconf 80' lang='lat'>«</span> <span class='ocrx_word' id='word_1_374' title='bbox 370 4895 505 4971; x_wconf 90' lang='lat' dir='ltr'>quid</span> <span class='ocrx_word' id='word_1_375' title='bbox 526 4913 629 4969; x_wconf 87' lang='lat' dir='ltr'>per</span> <span class='ocrx_word' id='word_1_376' title='bbox 655 4896 1068 4971; x_wconf 87' lang='lat' dir='ltr'>operationem.</span> <span class='ocrx_word' id='word_1_377' title='bbox 1094 4901 1286 4955; x_wconf 89' lang='lat' dir='ltr'>causat</span> <span class='ocrx_word' id='word_1_378' title='bbox 1306 4912 1408 4969; x_wconf 89' lang='lat' dir='ltr'>per</span> <span class='ocrx_word' id='word_1_379' title='bbox 1428 4897 1666 4957; x_wconf 92' lang='lat' dir='ltr'>modum</span> 
     </span>
     <span class='ocr_line' id='line_1_57' title="bbox 313 4976 1668 5053; baseline 0.004 -22"><span class='ocrx_word' id='word_1_380' title='bbox 313 5000 339 5030; x_wconf 78' lang='grc' dir='ltr'><strong>α</strong></span> <span class='ocrx_word' id='word_1_381' title='bbox 371 4992 551 5033; x_wconf 82' lang='lat' dir='ltr'>causae</span> <span class='ocrx_word' id='word_1_382' title='bbox 570 4976 868 5035; x_wconf 89' lang='lat' dir='ltr'>efficientis</span> <span class='ocrx_word' id='word_1_383' title='bbox 894 4997 909 5033; x_wconf 74' lang='lat' dir='ltr'>x</span> <span class='ocrx_word' id='word_1_384' title='bbox 935 4978 1126 5053; x_wconf 89' lang='lat' dir='ltr'>gratia</span> <span class='ocrx_word' id='word_1_385' title='bbox 1150 4977 1346 5053; x_wconf 89' lang='lat' dir='ltr'>igitur,</span> <span class='ocrx_word' id='word_1_386' title='bbox 1371 4978 1421 5035; x_wconf 89' lang='lat' dir='ltr'>si</span> <span class='ocrx_word' id='word_1_387' title='bbox 1449 4994 1551 5052; x_wconf 91' lang='lat' dir='ltr'>per</span> <span class='ocrx_word' id='word_1_388' title='bbox 1573 4995 1668 5038; x_wconf 88' lang='lat' dir='ltr'>ac-</span> 
     </span>
    </p>
   </div>
   <div class='ocr_carea' id='block_1_9' title="bbox 1793 519 3353 2540">
    <p class='ocr_par' dir='ltr' id='par_1_10' title="bbox 1793 519 3353 2540">
     <span class='ocr_line' id='line_1_58' title="bbox 1799 519 3353 592; baseline 0.001 -17"><span class='ocrx_word' id='word_1_389' title='bbox 1799 542 1826 575; x_wconf 80' lang='lat'>«</span> <span class='ocrx_word' id='word_1_390' title='bbox 1855 526 1979 578; x_wconf 88' lang='lat' dir='ltr'>tum</span> <span class='ocrx_word' id='word_1_391' title='bbox 2001 523 2388 592; x_wconf 76' lang='lat' dir='ltr'>contritioniS,</span> <span class='ocrx_word' id='word_1_392' title='bbox 2412 528 2468 581; x_wconf 92' lang='lat' dir='ltr'>et</span> <span class='ocrx_word' id='word_1_393' title='bbox 2494 522 2626 581; x_wconf 86' lang='lat' dir='ltr'>fidei</span> <span class='ocrx_word' id='word_1_394' title='bbox 2651 523 2913 581; x_wconf 66' lang='lat' dir='ltr'>formatas</span> <span class='ocrx_word' id='word_1_395' title='bbox 2941 519 3151 578; x_wconf 87' lang='lat' dir='ltr'>remis·</span> <span class='ocrx_word' id='word_1_396' title='bbox 3165 530 3219 574; x_wconf 83' lang='lat' dir='ltr'>n.</span> <span class='ocrx_word' id='word_1_397' title='bbox 3238 529 3353 576; x_wconf 74' lang='lat' dir='ltr'>Tho.</span> 
     </span>
     <span class='ocr_line' id='line_1_59' title="bbox 1799 602 3150 677; baseline 0.003 -22"><span class='ocrx_word' id='word_1_398' title='bbox 1799 622 1827 655; x_wconf 69' lang='grc' dir='ltr'><strong>α</strong></span> <span class='ocrx_word' id='word_1_399' title='bbox 1854 603 2077 661; x_wconf 88' lang='lat' dir='ltr'>sionem</span> <span class='ocrx_word' id='word_1_400' title='bbox 2099 604 2278 677; x_wconf 79' lang='lat' dir='ltr'>culpae</span> <span class='ocrx_word' id='word_1_401' title='bbox 2292 609 2501 671; x_wconf 88' lang='lat' dir='ltr'>causat,</span> <span class='ocrx_word' id='word_1_402' title='bbox 2519 604 2775 662; x_wconf 89' lang='lat' dir='ltr'>causabit</span> <span class='ocrx_word' id='word_1_403' title='bbox 2798 620 2898 677; x_wconf 90' lang='lat' dir='ltr'>per</span> <span class='ocrx_word' id='word_1_404' title='bbox 2913 602 3150 660; x_wconf 91' lang='lat' dir='ltr'>modum</span> 
     </span>
     <span class='ocr_line' id='line_1_60' title="bbox 1799 684 3151 759; baseline 0.002 -22"><span class='ocrx_word' id='word_1_405' title='bbox 1799 706 1826 737; x_wconf 76' lang='grc' dir='ltr'>α</span> <span class='ocrx_word' id='word_1_406' title='bbox 1856 700 2036 741; x_wconf 81' lang='lat' dir='ltr'>causae</span> <span class='ocrx_word' id='word_1_407' title='bbox 2059 684 2387 753; x_wconf 84' lang='lat' dir='ltr'>efficientis;</span> <span class='ocrx_word' id='word_1_408' title='bbox 2435 685 2585 759; x_wconf 92' lang='lat' dir='ltr'>quod</span> <span class='ocrx_word' id='word_1_409' title='bbox 2612 702 2734 744; x_wconf 89' lang='lat' dir='ltr'>esse</span> <span class='ocrx_word' id='word_1_410' title='bbox 2781 701 2900 742; x_wconf 91' lang='lat' dir='ltr'>non</span> <span class='ocrx_word' id='word_1_411' title='bbox 2950 688 3151 758; x_wconf 89' lang='lat' dir='ltr'>potest.</span> 
     </span>
     <span class='ocr_line' id='line_1_61' title="bbox 1798 763 3151 839; baseline 0.001 -21"><span class='ocrx_word' id='word_1_412' title='bbox 1798 785 1826 817; x_wconf 79' lang='grc' dir='ltr'><em>α</em></span> <span class='ocrx_word' id='word_1_413' title='bbox 1857 767 2003 821; x_wconf 90' lang='lat' dir='ltr'>Nam</span> <span class='ocrx_word' id='word_1_414' title='bbox 2050 781 2217 823; x_wconf 89' lang='lat' dir='ltr'>causa</span> <span class='ocrx_word' id='word_1_415' title='bbox 2261 765 2518 826; x_wconf 82' lang='lat' dir='ltr'>effective</span> <span class='ocrx_word' id='word_1_416' title='bbox 2561 767 2864 825; x_wconf 89' lang='lat' dir='ltr'>destruens</span> <span class='ocrx_word' id='word_1_417' title='bbox 2915 763 3151 839; x_wconf 89' lang='lat' dir='ltr'>aliquid,</span> 
     </span>
     <span class='ocr_line' id='line_1_62' title="bbox 1800 847 3156 923; baseline 0.004 -23"><span class='ocrx_word' id='word_1_418' title='bbox 1800 867 1828 900; x_wconf 74' lang='grc' dir='ltr'><strong>α</strong></span> <span class='ocrx_word' id='word_1_419' title='bbox 1857 847 2019 920; x_wconf 88' lang='lat' dir='ltr'>prius</span> <span class='ocrx_word' id='word_1_420' title='bbox 2046 849 2284 920; x_wconf 88' lang='lat' dir='ltr'>ponitur</span> <span class='ocrx_word' id='word_1_421' title='bbox 2321 849 2385 905; x_wconf 92' lang='lat' dir='ltr'>in</span> <span class='ocrx_word' id='word_1_422' title='bbox 2429 866 2570 917; x_wconf 89' lang='lat' dir='ltr'>esse,</span> <span class='ocrx_word' id='word_1_423' title='bbox 2620 867 2795 923; x_wconf 89' lang='lat' dir='ltr'>quam</span> <span class='ocrx_word' id='word_1_424' title='bbox 2839 850 2962 915; x_wconf 90' lang='lat' dir='ltr'>hoc,</span> <span class='ocrx_word' id='word_1_425' title='bbox 3006 847 3156 922; x_wconf 90' lang='lat' dir='ltr'>quod</span> 
     </span>
     <span class='ocr_line' id='line_1_63' title="bbox 1799 926 3156 997; baseline 0.004 -16"><span class='ocrx_word' id='word_1_426' title='bbox 1799 947 1826 979; x_wconf 83' lang='lat'>«</span> <span class='ocrx_word' id='word_1_427' title='bbox 1857 926 2192 995; x_wconf 89' lang='lat' dir='ltr'>destruitur,</span> <span class='ocrx_word' id='word_1_428' title='bbox 2242 930 2318 985; x_wconf 86' lang='lat' dir='ltr'>sit</span> <span class='ocrx_word' id='word_1_429' title='bbox 2362 930 2426 986; x_wconf 91' lang='lat' dir='ltr'>in</span> <span class='ocrx_word' id='word_1_430' title='bbox 2467 946 2584 988; x_wconf 91' lang='lat' dir='ltr'>non</span> <span class='ocrx_word' id='word_1_431' title='bbox 2627 946 2780 997; x_wconf 89' lang='lat' dir='ltr'>esse;</span> <span class='ocrx_word' id='word_1_432' title='bbox 2829 945 2946 986; x_wconf 92' lang='lat' dir='ltr'>non</span> <span class='ocrx_word' id='word_1_433' title='bbox 2993 930 3156 986; x_wconf 90' lang='lat' dir='ltr'>enim</span> 
     </span>
     <span class='ocr_line' id='line_1_64' title="bbox 1798 1007 3156 1083; baseline 0.002 -22"><span class='ocrx_word' id='word_1_434' title='bbox 1798 1027 1826 1060; x_wconf 74' lang='lat' dir='ltr'>tt</span> <span class='ocrx_word' id='word_1_435' title='bbox 1859 1014 2053 1082; x_wconf 90' lang='lat' dir='ltr'>ageret</span> <span class='ocrx_word' id='word_1_436' title='bbox 2080 1007 2150 1065; x_wconf 91' lang='lat' dir='ltr'>ad</span> <span class='ocrx_word' id='word_1_437' title='bbox 2178 1009 2621 1067; x_wconf 89' lang='lat' dir='ltr'>destructionem</span> <span class='ocrx_word' id='word_1_438' title='bbox 2652 1010 2792 1083; x_wconf 86' lang='lat' dir='ltr'>ejus,</span> <span class='ocrx_word' id='word_1_439' title='bbox 2844 1008 2992 1082; x_wconf 93' lang='lat' dir='ltr'>quod</span> <span class='ocrx_word' id='word_1_440' title='bbox 3033 1010 3156 1083; x_wconf 80' lang='lat' dir='ltr'>J’am</span> 
     </span>
     <span class='ocr_line' id='line_1_65' title="bbox 1799 1090 3156 1166; baseline 0.004 -24"><span class='ocrx_word' id='word_1_441' title='bbox 1799 1111 1826 1142; x_wconf 76' lang='grc' dir='ltr'><strong>α</strong></span> <span class='ocrx_word' id='word_1_442' title='bbox 1859 1105 1976 1147; x_wconf 91' lang='lat' dir='ltr'>non</span> <span class='ocrx_word' id='word_1_443' title='bbox 2022 1097 2123 1148; x_wconf 88' lang='lat' dir='ltr'>est.</span> <span class='ocrx_word' id='word_1_444' title='bbox 2179 1092 2343 1150; x_wconf 89' lang='lat' dir='ltr'>Unde</span> <span class='ocrx_word' id='word_1_445' title='bbox 2378 1097 2732 1166; x_wconf 84' lang='lat' dir='ltr'>sequeretur,</span> <span class='ocrx_word' id='word_1_446' title='bbox 2780 1091 2930 1165; x_wconf 91' lang='lat' dir='ltr'>quod</span> <span class='ocrx_word' id='word_1_447' title='bbox 2969 1090 3156 1165; x_wconf 87' lang='lat' dir='ltr'>gratia</span> 
     </span>
     <span class='ocr_line' id='line_1_66' title="bbox 1801 1170 3158 1246; baseline 0.002 -23"><span class='ocrx_word' id='word_1_448' title='bbox 1801 1192 1828 1223; x_wconf 76' lang='grc' dir='ltr'><strong><em>α</em></strong></span> <span class='ocrx_word' id='word_1_449' title='bbox 1862 1170 2022 1242; x_wconf 91' lang='lat' dir='ltr'>prius</span> <span class='ocrx_word' id='word_1_450' title='bbox 2047 1177 2193 1228; x_wconf 87' lang='lat' dir='ltr'>esset</span> <span class='ocrx_word' id='word_1_451' title='bbox 2239 1173 2302 1228; x_wconf 91' lang='lat' dir='ltr'>in</span> <span class='ocrx_word' id='word_1_452' title='bbox 2330 1173 2547 1240; x_wconf 87' lang='lat' dir='ltr'>anima,</span> <span class='ocrx_word' id='word_1_453' title='bbox 2578 1189 2751 1246; x_wconf 91' lang='lat' dir='ltr'>quam</span> <span class='ocrx_word' id='word_1_454' title='bbox 2801 1173 2967 1243; x_wconf 87' lang='lat' dir='ltr'>culpa</span> <span class='ocrx_word' id='word_1_455' title='bbox 3011 1176 3158 1228; x_wconf 89' lang='lat' dir='ltr'>esset</span> 
     </span>
     <span class='ocr_line' id='line_1_67' title="bbox 1801 1250 3157 1326; baseline 0.003 -21"><span class='ocrx_word' id='word_1_456' title='bbox 1801 1272 1829 1304; x_wconf 79' lang='grc' dir='ltr'><strong>α</strong></span> <span class='ocrx_word' id='word_1_457' title='bbox 1861 1250 2119 1315; x_wconf 84' lang='lat' dir='ltr'>remissa,</span> <span class='ocrx_word' id='word_1_458' title='bbox 2145 1252 2295 1325; x_wconf 91' lang='lat' dir='ltr'>quod</span> <span class='ocrx_word' id='word_1_459' title='bbox 2320 1258 2404 1310; x_wconf 90' lang='lat' dir='ltr'>est</span> <span class='ocrx_word' id='word_1_460' title='bbox 2446 1252 2827 1326; x_wconf 90' lang='lat' dir='ltr'>impossibile.</span> <span class='ocrx_word' id='word_1_461' title='bbox 2856 1272 2881 1305; x_wconf 84' lang='lat'>»</span> <span class='ocrx_word' id='word_1_462' title='bbox 2917 1253 3002 1307; x_wconf 87' lang='lat' dir='ltr'>Ex</span> <span class='ocrx_word' id='word_1_463' title='bbox 3023 1251 3157 1325; x_wconf 90' lang='lat' dir='ltr'>qui-</span> 
     </span>
     <span class='ocr_line' id='line_1_68' title="bbox 1795 1329 3159 1404; baseline 0.004 -18"><span class='ocrx_word' id='word_1_464' title='bbox 1795 1329 1901 1387; x_wconf 90' lang='lat' dir='ltr'>bus</span> <span class='ocrx_word' id='word_1_465' title='bbox 1929 1331 2149 1404; x_wconf 89' lang='lat' dir='ltr'>liquido</span> <span class='ocrx_word' id='word_1_466' title='bbox 2189 1337 2427 1401; x_wconf 88' lang='lat' dir='ltr'>constat,</span> <span class='ocrx_word' id='word_1_467' title='bbox 2459 1334 2527 1386; x_wconf 93' lang='lat' dir='ltr'>D·</span> <span class='ocrx_word' id='word_1_468' title='bbox 2560 1335 2763 1391; x_wconf 86' lang='lat' dir='ltr'>Thom.</span> <span class='ocrx_word' id='word_1_469' title='bbox 2815 1333 3004 1389; x_wconf 90' lang='lat' dir='ltr'>solum</span> <span class='ocrx_word' id='word_1_470' title='bbox 3052 1349 3159 1391; x_wconf 86' lang='lat' dir='ltr'>ex-</span> 
     </span>
     <span class='ocr_line' id='line_1_69' title="bbox 1794 1413 3160 1490; baseline 0.001 -20"><span class='ocrx_word' id='word_1_471' title='bbox 1794 1413 2041 1482; x_wconf 87' lang='lat' dir='ltr'>cludere,</span> <span class='ocrx_word' id='word_1_472' title='bbox 2076 1414 2226 1487; x_wconf 91' lang='lat' dir='ltr'>quod</span> <span class='ocrx_word' id='word_1_473' title='bbox 2274 1415 2428 1472; x_wconf 91' lang='lat' dir='ltr'>inter</span> <span class='ocrx_word' id='word_1_474' title='bbox 2455 1415 2809 1473; x_wconf 90' lang='lat' dir='ltr'>infusionem</span> <span class='ocrx_word' id='word_1_475' title='bbox 2853 1415 3071 1490; x_wconf 81' lang='lat' dir='ltr'>gratiae,</span> <span class='ocrx_word' id='word_1_476' title='bbox 3103 1420 3160 1472; x_wconf 87' lang='lat' dir='ltr'>et</span> 
     </span>
     <span class='ocr_line' id='line_1_70' title="bbox 1794 1494 3155 1569; baseline 0.001 -18"><span class='ocrx_word' id='word_1_477' title='bbox 1794 1494 2198 1553; x_wconf 89' lang='lat' dir='ltr'>remissionem</span> <span class='ocrx_word' id='word_1_478' title='bbox 2245 1496 2428 1568; x_wconf 81' lang='lat' dir='ltr'>culpae</span> <span class='ocrx_word' id='word_1_479' title='bbox 2473 1495 2687 1554; x_wconf 87' lang='lat' dir='ltr'>mediet</span> <span class='ocrx_word' id='word_1_480' title='bbox 2713 1495 2952 1569; x_wconf 91' lang='lat' dir='ltr'>aliquid,</span> <span class='ocrx_word' id='word_1_481' title='bbox 3005 1495 3155 1569; x_wconf 91' lang='lat' dir='ltr'>quod</span> 
     </span>
     <span class='ocr_line' id='line_1_71' title="bbox 1795 1575 3157 1647; baseline 0.002 -17"><span class='ocrx_word' id='word_1_482' title='bbox 1795 1580 2082 1647; x_wconf 89' lang='lat' dir='ltr'>peccatum</span> <span class='ocrx_word' id='word_1_483' title='bbox 2111 1576 2456 1641; x_wconf 84' lang='lat' dir='ltr'>formaliter,</span> <span class='ocrx_word' id='word_1_484' title='bbox 2503 1582 2559 1634; x_wconf 92' lang='lat' dir='ltr'>et</span> <span class='ocrx_word' id='word_1_485' title='bbox 2596 1575 2932 1634; x_wconf 89' lang='lat' dir='ltr'>immediate</span> <span class='ocrx_word' id='word_1_486' title='bbox 2957 1578 3157 1634; x_wconf 84' lang='lat' dir='ltr'>exclu-</span> 
     </span>
     <span class='ocr_line' id='line_1_72' title="bbox 1794 1654 3156 1729; baseline 0.004 -19"><span class='ocrx_word' id='word_1_487' title='bbox 1794 1654 1928 1725; x_wconf 89' lang='lat' dir='ltr'>dat;</span> <span class='ocrx_word' id='word_1_488' title='bbox 1958 1657 2107 1729; x_wconf 91' lang='lat' dir='ltr'>quod</span> <span class='ocrx_word' id='word_1_489' title='bbox 2135 1663 2330 1715; x_wconf 91' lang='lat' dir='ltr'>tamen</span> <span class='ocrx_word' id='word_1_490' title='bbox 2372 1657 2692 1715; x_wconf 88' lang='lat' dir='ltr'>necessario</span> <span class='ocrx_word' id='word_1_491' title='bbox 2731 1657 3156 1715; x_wconf 84' lang='lat' dir='ltr'>admittendum</span> 
     </span>
     <span class='ocr_line' id='line_1_73' title="bbox 1793 1738 3158 1813; baseline 0.003 -20"><span class='ocrx_word' id='word_1_492' title='bbox 1793 1742 1960 1803; x_wconf 90' lang='lat' dir='ltr'>esset,</span> <span class='ocrx_word' id='word_1_493' title='bbox 1991 1738 2041 1794; x_wconf 88' lang='lat' dir='ltr'>si</span> <span class='ocrx_word' id='word_1_494' title='bbox 2073 1739 2259 1813; x_wconf 91' lang='lat' dir='ltr'>gratia</span> <span class='ocrx_word' id='word_1_495' title='bbox 2297 1738 2658 1797; x_wconf 88' lang='lat' dir='ltr'>sanctificans</span> <span class='ocrx_word' id='word_1_496' title='bbox 2685 1741 2873 1797; x_wconf 89' lang='lat' dir='ltr'>solum</span> <span class='ocrx_word' id='word_1_497' title='bbox 2898 1738 3158 1797; x_wconf 76' lang='lat' dir='ltr'>effective</span> 
     </span>
     <span class='ocr_line' id='line_1_74' title="bbox 1797 1820 3157 1894; baseline 0.001 -19"><span class='ocrx_word' id='word_1_498' title='bbox 1797 1822 2084 1890; x_wconf 87' lang='lat' dir='ltr'>peccatum</span> <span class='ocrx_word' id='word_1_499' title='bbox 2110 1820 2426 1892; x_wconf 87' lang='lat' dir='ltr'>expelleret</span> <span class='ocrx_word' id='word_1_500' title='bbox 2456 1837 2560 1894; x_wconf 90' lang='lat' dir='ltr'>par</span> <span class='ocrx_word' id='word_1_501' title='bbox 2588 1827 2776 1878; x_wconf 89' lang='lat' dir='ltr'>actum</span> <span class='ocrx_word' id='word_1_502' title='bbox 2793 1820 3157 1878; x_wconf 90' lang='lat' dir='ltr'>contritionis</span> 
     </span>
     <span class='ocr_line' id='line_1_75' title="bbox 1796 1901 3156 1977; baseline 0.004 -22"><span class='ocrx_word' id='word_1_503' title='bbox 1796 1915 1833 1955; x_wconf 89' lang='lat' dir='ltr'>a</span> <span class='ocrx_word' id='word_1_504' title='bbox 1855 1914 1917 1956; x_wconf 89' lang='lat' dir='ltr'>se</span> <span class='ocrx_word' id='word_1_505' title='bbox 1937 1901 2194 1957; x_wconf 91' lang='lat' dir='ltr'>elicitum</span> <span class='ocrx_word' id='word_1_506' title='bbox 2229 1922 2243 1958; x_wconf 71' lang='grc' dir='ltr'><strong><em>ε</em></strong></span> <span class='ocrx_word' id='word_1_507' title='bbox 2274 1906 2410 1957; x_wconf 90' lang='lat' dir='ltr'>tunc</span> <span class='ocrx_word' id='word_1_508' title='bbox 2447 1904 2658 1977; x_wconf 91' lang='lat' dir='ltr'>quippe</span> <span class='ocrx_word' id='word_1_509' title='bbox 2684 1919 2801 1961; x_wconf 91' lang='lat' dir='ltr'>non</span> <span class='ocrx_word' id='word_1_510' title='bbox 2825 1904 3031 1977; x_wconf 89' lang='lat' dir='ltr'>gratia,</span> <span class='ocrx_word' id='word_1_511' title='bbox 3056 1902 3156 1961; x_wconf 88' lang='lat' dir='ltr'>sed</span> 
     </span>
     <span class='ocr_line' id='line_1_76' title="bbox 1795 1981 3158 2048; baseline 0.002 -12"><span class='ocrx_word' id='word_1_512' title='bbox 1795 1981 2066 2039; x_wconf 89' lang='lat' dir='ltr'>contritio</span> <span class='ocrx_word' id='word_1_513' title='bbox 2105 1982 2447 2048; x_wconf 88' lang='lat' dir='ltr'>formaliter,</span> <span class='ocrx_word' id='word_1_514' title='bbox 2478 1988 2536 2041; x_wconf 91' lang='lat' dir='ltr'>et</span> <span class='ocrx_word' id='word_1_515' title='bbox 2579 1983 2914 2043; x_wconf 89' lang='lat' dir='ltr'>immediate</span> <span class='ocrx_word' id='word_1_516' title='bbox 2958 1984 3158 2040; x_wconf 91' lang='lat' dir='ltr'>exclu-</span> 
     </span>
     <span class='ocr_line' id='line_1_77' title="bbox 1795 2059 3158 2138; baseline 0.004 -22"><span class='ocrx_word' id='word_1_517' title='bbox 1795 2059 1957 2117; x_wconf 90' lang='lat' dir='ltr'>deret</span> <span class='ocrx_word' id='word_1_518' title='bbox 1981 2062 2227 2134; x_wconf 90' lang='lat' dir='ltr'>culpam.</span> <span class='ocrx_word' id='word_1_519' title='bbox 2274 2063 2357 2117; x_wconf 88' lang='lat' dir='ltr'>Ex</span> <span class='ocrx_word' id='word_1_520' title='bbox 2383 2078 2494 2135; x_wconf 91' lang='lat' dir='ltr'>quo</span> <span class='ocrx_word' id='word_1_521' title='bbox 2521 2064 2763 2121; x_wconf 91' lang='lat' dir='ltr'>ulterius</span> <span class='ocrx_word' id='word_1_522' title='bbox 2807 2063 2988 2129; x_wconf 89' lang='lat' dir='ltr'>fieret,</span> <span class='ocrx_word' id='word_1_523' title='bbox 3017 2079 3158 2138; x_wconf 89' lang='lat' dir='ltr'>gra-</span> 
     </span>
     <span class='ocr_line' id='line_1_78' title="bbox 1797 2140 3156 2207; baseline 0.002 -11"><span class='ocrx_word' id='word_1_524' title='bbox 1797 2140 1939 2197; x_wconf 91' lang='lat' dir='ltr'>tiam</span> <span class='ocrx_word' id='word_1_525' title='bbox 1968 2142 2369 2200; x_wconf 85' lang='lat' dir='ltr'>antecedenter</span> <span class='ocrx_word' id='word_1_526' title='bbox 2391 2143 2462 2200; x_wconf 92' lang='lat' dir='ltr'>ad</span> <span class='ocrx_word' id='word_1_527' title='bbox 2487 2145 2917 2207; x_wconf 86' lang='lat' dir='ltr'>contritionem,</span> <span class='ocrx_word' id='word_1_528' title='bbox 2949 2145 3042 2201; x_wconf 90' lang='lat' dir='ltr'>vel</span> <span class='ocrx_word' id='word_1_529' title='bbox 3084 2143 3156 2200; x_wconf 91' lang='lat' dir='ltr'>ab</span> 
     </span>
     <span class='ocr_line' id='line_1_79' title="bbox 1796 2221 3157 2296; baseline 0.003 -20"><span class='ocrx_word' id='word_1_530' title='bbox 1796 2236 1865 2277; x_wconf 91' lang='lat' dir='ltr'>ea</span> <span class='ocrx_word' id='word_1_531' title='bbox 1887 2221 2180 2294; x_wconf 82' lang='lat' dir='ltr'>praecisam</span> <span class='ocrx_word' id='word_1_532' title='bbox 2202 2223 2515 2280; x_wconf 81' lang='lat' dir='ltr'>coexistere</span> <span class='ocrx_word' id='word_1_533' title='bbox 2553 2241 2683 2280; x_wconf 90' lang='lat' dir='ltr'>cum</span> <span class='ocrx_word' id='word_1_534' title='bbox 2709 2229 2946 2296; x_wconf 83' lang='lat' dir='ltr'>peccato,</span> <span class='ocrx_word' id='word_1_535' title='bbox 2979 2225 3157 2280; x_wconf 79' lang='lat' dir='ltr'>Caete-</span> 
     </span>
     <span class='ocr_line' id='line_1_80' title="bbox 1799 2303 3157 2363; baseline 0.001 -5"><span class='ocrx_word' id='word_1_536' title='bbox 1799 2319 1931 2359; x_wconf 91' lang='lat' dir='ltr'>rum</span> <span class='ocrx_word' id='word_1_537' title='bbox 1959 2303 2075 2361; x_wconf 77' lang='lat' dir='ltr'>haec</span> <span class='ocrx_word' id='word_1_538' title='bbox 2096 2306 2567 2363; x_wconf 84' lang='lat' dir='ltr'>inconvenientia</span> <span class='ocrx_word' id='word_1_539' title='bbox 2595 2321 2698 2363; x_wconf 91' lang='lat' dir='ltr'>nec</span> <span class='ocrx_word' id='word_1_540' title='bbox 2721 2321 2792 2362; x_wconf 84' lang='lat' dir='ltr'>ex</span> <span class='ocrx_word' id='word_1_541' title='bbox 2815 2308 3009 2361; x_wconf 86' lang='lat' dir='ltr'>nostra</span> <span class='ocrx_word' id='word_1_542' title='bbox 3029 2319 3157 2360; x_wconf 90' lang='lat' dir='ltr'>sen-</span> 
     </span>
     <span class='ocr_line' id='line_1_81' title="bbox 1796 2386 3156 2460; baseline 0 -18"><span class='ocrx_word' id='word_1_543' title='bbox 1796 2386 1996 2451; x_wconf 90' lang='lat' dir='ltr'>tentia,</span> <span class='ocrx_word' id='word_1_544' title='bbox 2028 2402 2132 2443; x_wconf 92' lang='lat' dir='ltr'>nec</span> <span class='ocrx_word' id='word_1_545' title='bbox 2150 2403 2222 2444; x_wconf 90' lang='lat' dir='ltr'>ex</span> <span class='ocrx_word' id='word_1_546' title='bbox 2240 2386 2524 2455; x_wconf 90' lang='lat' dir='ltr'>doctrina,</span> <span class='ocrx_word' id='word_1_547' title='bbox 2553 2403 2726 2460; x_wconf 89' lang='lat' dir='ltr'>quam</span> <span class='ocrx_word' id='word_1_548' title='bbox 2768 2389 2833 2443; x_wconf 89' lang='lat' dir='ltr'>D.</span> <span class='ocrx_word' id='word_1_549' title='bbox 2859 2387 3065 2443; x_wconf 89' lang='lat' dir='ltr'>Thom.</span> <span class='ocrx_word' id='word_1_550' title='bbox 3091 2386 3156 2442; x_wconf 92' lang='lat' dir='ltr'>in</span> 
     </span>
     <span class='ocr_line' id='line_1_82' title="bbox 1798 2466 3155 2540; baseline -0.001 -18"><span class='ocrx_word' id='word_1_551' title='bbox 1798 2466 1903 2522; x_wconf 90' lang='lat' dir='ltr'>hac</span> <span class='ocrx_word' id='word_1_552' title='bbox 1935 2466 2249 2539; x_wconf 83' lang='lat' dir='ltr'>quaestione</span> <span class='ocrx_word' id='word_1_553' title='bbox 2274 2468 2490 2535; x_wconf 89' lang='lat' dir='ltr'>statuit,</span> <span class='ocrx_word' id='word_1_554' title='bbox 2519 2471 2972 2540; x_wconf 80' lang='lat' dir='ltr'>consequuntur3</span> <span class='ocrx_word' id='word_1_555' title='bbox 3017 2480 3155 2521; x_wconf 89' lang='lat' dir='ltr'>nam</span> 
     </span>
    </p>
   </div>
   <div class='ocr_carea' id='block_1_10' title="bbox 1790 2546 3149 2622">
    <p class='ocr_par' dir='ltr' id='par_1_11' title="bbox 1790 2546 3149 2622">
     <span class='ocr_line' id='line_1_83' title="bbox 1790 2546 3149 2622; baseline -0.001 -20"><span class='ocrx_word' id='word_1_556' title='bbox 1790 2551 1955 2602; x_wconf 70' lang='lat' dir='ltr'>&#39;actus</span> <span class='ocrx_word' id='word_1_557' title='bbox 1977 2547 2184 2605; x_wconf 90' lang='lat' dir='ltr'>ultimo</span> <span class='ocrx_word' id='word_1_558' title='bbox 2202 2547 2567 2622; x_wconf 88' lang='lat' dir='ltr'>disponentes</span> <span class='ocrx_word' id='word_1_559' title='bbox 2583 2546 2653 2604; x_wconf 92' lang='lat' dir='ltr'>ad</span> <span class='ocrx_word' id='word_1_560' title='bbox 2662 2546 3149 2622; x_wconf 82' lang='lat' dir='ltr'>justificationem,</span> 
     </span>
    </p>
   </div>
   <div class='ocr_carea' id='block_1_11' title="bbox 1795 2625 3376 5049">
    <p class='ocr_par' dir='ltr' id='par_1_12' title="bbox 1795 2625 3164 3334">
     <span class='ocr_line' id='line_1_84' title="bbox 1796 2625 3158 2703; baseline -0.001 -21"><span class='ocrx_word' id='word_1_561' title='bbox 1796 2626 1945 2684; x_wconf 90' lang='lat' dir='ltr'>sicut</span> <span class='ocrx_word' id='word_1_562' title='bbox 1969 2628 2310 2701; x_wconf 88' lang='lat' dir='ltr'>simpliciter</span> <span class='ocrx_word' id='word_1_563' title='bbox 2348 2633 2677 2703; x_wconf 90' lang='lat' dir='ltr'>supponunt</span> <span class='ocrx_word' id='word_1_564' title='bbox 2701 2627 2947 2701; x_wconf 86' lang='lat' dir='ltr'>gratiam</span> <span class='ocrx_word' id='word_1_565' title='bbox 2987 2625 3158 2682; x_wconf 90' lang='lat' dir='ltr'>habi-</span> 
     </span>
     <span class='ocr_line' id='line_1_85' title="bbox 1796 2711 3159 2785; baseline 0.001 -20"><span class='ocrx_word' id='word_1_566' title='bbox 1796 2711 2034 2776; x_wconf 88' lang='lat' dir='ltr'>tualem,</span> <span class='ocrx_word' id='word_1_567' title='bbox 2066 2726 2100 2767; x_wconf 87' lang='lat' dir='ltr'>a</span> <span class='ocrx_word' id='word_1_568' title='bbox 2125 2728 2237 2785; x_wconf 91' lang='lat' dir='ltr'>qua</span> <span class='ocrx_word' id='word_1_569' title='bbox 2265 2712 2612 2785; x_wconf 68' lang='lat' dir='ltr'>procedunt,</span> <span class='ocrx_word' id='word_1_570' title='bbox 2644 2713 2723 2768; x_wconf 90' lang='lat' dir='ltr'>ita</span> <span class='ocrx_word' id='word_1_571' title='bbox 2753 2711 3159 2785; x_wconf 89' lang='lat' dir='ltr'>proportiona-</span> 
     </span>
     <span class='ocr_line' id='line_1_86' title="bbox 1798 2789 3164 2865; baseline 0.001 -19"><span class='ocrx_word' id='word_1_572' title='bbox 1798 2789 1997 2847; x_wconf 89' lang='lat' dir='ltr'>biliter</span> <span class='ocrx_word' id='word_1_573' title='bbox 2024 2798 2357 2865; x_wconf 90' lang='lat' dir='ltr'>supponunt</span> <span class='ocrx_word' id='word_1_574' title='bbox 2396 2793 2798 2851; x_wconf 90' lang='lat' dir='ltr'>remissionem</span> <span class='ocrx_word' id='word_1_575' title='bbox 2841 2794 3020 2865; x_wconf 80' lang='lat' dir='ltr'>culpae</span> <span class='ocrx_word' id='word_1_576' title='bbox 3062 2806 3164 2864; x_wconf 90' lang='lat' dir='ltr'>per</span> 
     </span>
     <span class='ocr_line' id='line_1_87' title="bbox 1795 2870 3161 2947; baseline 0.001 -19"><span class='ocrx_word' id='word_1_577' title='bbox 1795 2870 2045 2946; x_wconf 89' lang='lat' dir='ltr'>gratiam</span> <span class='ocrx_word' id='word_1_578' title='bbox 2079 2894 2092 2928; x_wconf 74' lang='grc' dir='ltr'><strong><em>ε</em></strong></span> <span class='ocrx_word' id='word_1_579' title='bbox 2114 2879 2170 2930; x_wconf 91' lang='lat' dir='ltr'>et</span> <span class='ocrx_word' id='word_1_580' title='bbox 2194 2873 2677 2946; x_wconf 89' lang='lat' dir='ltr'>quemadmodum</span> <span class='ocrx_word' id='word_1_581' title='bbox 2706 2873 2769 2930; x_wconf 90' lang='lat' dir='ltr'>in</span> <span class='ocrx_word' id='word_1_582' title='bbox 2789 2888 3001 2947; x_wconf 90' lang='lat' dir='ltr'>genere</span> <span class='ocrx_word' id='word_1_583' title='bbox 3020 2888 3161 2929; x_wconf 88' lang='lat' dir='ltr'>cau-</span> 
     </span>
     <span class='ocr_line' id='line_1_88' title="bbox 1795 2952 3161 3028; baseline 0.001 -19"><span class='ocrx_word' id='word_1_584' title='bbox 1795 2968 1874 3009; x_wconf 79' lang='lat' dir='ltr'>sae</span> <span class='ocrx_word' id='word_1_585' title='bbox 1930 2952 2276 3025; x_wconf 80' lang='lat' dir='ltr'>dispositivae</span> <span class='ocrx_word' id='word_1_586' title='bbox 2338 2956 2589 3028; x_wconf 88' lang='lat' dir='ltr'>gratiam</span> <span class='ocrx_word' id='word_1_587' title='bbox 2654 2954 3013 3028; x_wconf 84' lang='lat' dir='ltr'>praecedunt,</span> <span class='ocrx_word' id='word_1_588' title='bbox 3080 2953 3161 3011; x_wconf 87' lang='lat' dir='ltr'>ita</span> 
     </span>
     <span class='ocr_line' id='line_1_89' title="bbox 1796 3034 3158 3108; baseline -0.001 -16"><span class='ocrx_word' id='word_1_589' title='bbox 1796 3034 1973 3092; x_wconf 89' lang='lat' dir='ltr'>etiam</span> <span class='ocrx_word' id='word_1_590' title='bbox 2002 3036 2325 3108; x_wconf 64' lang='lat' dir='ltr'>praecedunt</span> <span class='ocrx_word' id='word_1_591' title='bbox 2346 3037 2746 3094; x_wconf 90' lang='lat' dir='ltr'>remissionem</span> <span class='ocrx_word' id='word_1_592' title='bbox 2770 3036 2964 3107; x_wconf 61' lang='lat' dir='ltr'>culpae.</span> <span class='ocrx_word' id='word_1_593' title='bbox 2998 3037 3066 3090; x_wconf 90' lang='lat' dir='ltr'>Et</span> <span class='ocrx_word' id='word_1_594' title='bbox 3093 3035 3158 3091; x_wconf 92' lang='lat' dir='ltr'>in</span> 
     </span>
     <span class='ocr_line' id='line_1_90' title="bbox 1797 3114 3158 3187; baseline -0.001 -16"><span class='ocrx_word' id='word_1_595' title='bbox 1797 3114 1904 3173; x_wconf 92' lang='lat' dir='ltr'>hoc</span> <span class='ocrx_word' id='word_1_596' title='bbox 1946 3116 2206 3173; x_wconf 89' lang='lat' dir='ltr'>consistit</span> <span class='ocrx_word' id='word_1_597' title='bbox 2261 3117 2552 3187; x_wconf 91' lang='lat' dir='ltr'>mediatio,</span> <span class='ocrx_word' id='word_1_598' title='bbox 2603 3133 2702 3174; x_wconf 91' lang='lat' dir='ltr'>seu</span> <span class='ocrx_word' id='word_1_599' title='bbox 2748 3115 2889 3173; x_wconf 92' lang='lat' dir='ltr'>ordo</span> <span class='ocrx_word' id='word_1_600' title='bbox 2934 3120 3158 3172; x_wconf 80' lang='lat' dir='ltr'>naturae</span> 
     </span>
     <span class='ocr_line' id='line_1_91' title="bbox 1796 3195 3158 3255; baseline 0.001 -5"><span class='ocrx_word' id='word_1_601' title='bbox 1796 3195 2053 3253; x_wconf 90' lang='lat' dir='ltr'>intentus</span> <span class='ocrx_word' id='word_1_602' title='bbox 2074 3214 2106 3254; x_wconf 93' lang='lat' dir='ltr'>a</span> <span class='ocrx_word' id='word_1_603' title='bbox 2127 3200 2193 3253; x_wconf 91' lang='lat' dir='ltr'>D.</span> <span class='ocrx_word' id='word_1_604' title='bbox 2210 3198 2417 3255; x_wconf 91' lang='lat' dir='ltr'>Thom.</span> <span class='ocrx_word' id='word_1_605' title='bbox 2443 3204 2504 3254; x_wconf 92' lang='lat' dir='ltr'>ut</span> <span class='ocrx_word' id='word_1_606' title='bbox 2523 3199 2682 3254; x_wconf 88' lang='lat' dir='ltr'>infra</span> <span class='ocrx_word' id='word_1_607' title='bbox 2704 3197 2875 3254; x_wconf 89' lang='lat' dir='ltr'>latius</span> <span class='ocrx_word' id='word_1_608' title='bbox 2896 3197 3158 3253; x_wconf 87' lang='lat' dir='ltr'>declara-</span> 
     </span>
     <span class='ocr_line' id='line_1_92' title="bbox 1797 3274 2010 3334; baseline 0.009 -3"><span class='ocrx_word' id='word_1_609' title='bbox 1797 3274 2010 3334; x_wconf 86' lang='lat' dir='ltr'>bimus.</span> 
     </span>
    </p>

    <p class='ocr_par' dir='ltr' id='par_1_13' title="bbox 1796 3354 3376 5049">
     <span class='ocr_line' id='line_1_93' title="bbox 1871 3354 3360 3415; baseline 0.002 -3"><span class='ocrx_word' id='word_1_610' title='bbox 1871 3359 1961 3415; x_wconf 86' lang='lat'>55.</span> <span class='ocrx_word' id='word_1_611' title='bbox 2007 3356 2095 3412; x_wconf 80' lang='lat' dir='ltr'>Ad</span> <span class='ocrx_word' id='word_1_612' title='bbox 2128 3357 2358 3414; x_wconf 89' lang='lat' dir='ltr'>tertiam</span> <span class='ocrx_word' id='word_1_613' title='bbox 2385 3356 2748 3414; x_wconf 91' lang='lat' dir='ltr'>concedimus</span> <span class='ocrx_word' id='word_1_614' title='bbox 2768 3359 2823 3412; x_wconf 90' lang='lat' dir='ltr'>S.</span> <span class='ocrx_word' id='word_1_615' title='bbox 2857 3359 3153 3414; x_wconf 89' lang='lat' dir='ltr'>Doctorem</span> <span class='ocrx_word' id='word_1_616' title='bbox 3167 3354 3360 3415; x_wconf 70' lang='lat' dir='ltr'>Qualiter</span> 
     </span>
     <span class='ocr_line' id='line_1_94' title="bbox 1796 3406 3362 3509; baseline 0.006 -19"><span class='ocrx_word' id='word_1_617' title='bbox 1796 3435 1861 3490; x_wconf 91' lang='lat' dir='ltr'>in</span> <span class='ocrx_word' id='word_1_618' title='bbox 1907 3436 2246 3493; x_wconf 90' lang='lat' dir='ltr'>remissione</span> <span class='ocrx_word' id='word_1_619' title='bbox 2289 3437 2486 3509; x_wconf 64' lang='lat' dir='ltr'>culpae,</span> <span class='ocrx_word' id='word_1_620' title='bbox 2537 3453 2711 3509; x_wconf 89' lang='lat' dir='ltr'>quam</span> <span class='ocrx_word' id='word_1_621' title='bbox 2751 3434 2890 3490; x_wconf 92' lang='lat' dir='ltr'>dicit</span> <span class='ocrx_word' id='word_1_622' title='bbox 2932 3451 3055 3493; x_wconf 90' lang='lat' dir='ltr'>esse</span> <span class='ocrx_word' id='word_1_623' title='bbox 3082 3406 3362 3499; x_wconf 59' lang='lat' dir='ltr'>fi-“ffi‘t‘f</span> 
     </span>
     <span class='ocr_line' id='line_1_95' title="bbox 1797 3503 3362 3597; baseline -0.001 -24"><span class='ocrx_word' id='word_1_624' title='bbox 1797 3532 1952 3582; x_wconf 90' lang='lat' dir='ltr'>nem,</span> <span class='ocrx_word' id='word_1_625' title='bbox 1978 3522 2035 3573; x_wconf 91' lang='lat' dir='ltr'>et</span> <span class='ocrx_word' id='word_1_626' title='bbox 2059 3517 2376 3574; x_wconf 90' lang='lat' dir='ltr'>terminum</span> <span class='ocrx_word' id='word_1_627' title='bbox 2406 3515 2476 3572; x_wconf 91' lang='lat' dir='ltr'>ad</span> <span class='ocrx_word' id='word_1_628' title='bbox 2515 3534 2684 3590; x_wconf 90' lang='lat' dir='ltr'>quem</span> <span class='ocrx_word' id='word_1_629' title='bbox 2706 3515 3150 3591; x_wconf 85' lang='lat' dir='ltr'>justificationis,</span> <span class='ocrx_word' id='word_1_630' title='bbox 3167 3503 3362 3597; x_wconf 55' lang='grc' dir='ltr'>ξιῑῑξξξιῗζ</span> 
     </span>
     <span class='ocr_line' id='line_1_96' title="bbox 1796 3595 3376 3671; baseline -0.001 -16"><span class='ocrx_word' id='word_1_631' title='bbox 1796 3595 2296 3670; x_wconf 89' lang='lat' dir='ltr'>comprehendisse</span> <span class='ocrx_word' id='word_1_632' title='bbox 2365 3596 2615 3671; x_wconf 88' lang='lat' dir='ltr'>gratiam</span> <span class='ocrx_word' id='word_1_633' title='bbox 2678 3596 3150 3666; x_wconf 86' lang='lat' dir='ltr'>sanctificantem,</span> <span class='ocrx_word' id='word_1_634' title='bbox 3171 3601 3376 3660; x_wconf 58' lang='grc' dir='ltr'>11118393ῐί-</span> 
     </span>
     <span class='ocr_line' id='line_1_97' title="bbox 1797 3653 3342 3751; baseline -0.001 -15"><span class='ocrx_word' id='word_1_635' title='bbox 1797 3695 1917 3736; x_wconf 92' lang='lat' dir='ltr'>non</span> <span class='ocrx_word' id='word_1_636' title='bbox 1962 3677 2194 3751; x_wconf 91' lang='lat' dir='ltr'>quidem</span> <span class='ocrx_word' id='word_1_637' title='bbox 2234 3678 2342 3734; x_wconf 92' lang='lat' dir='ltr'>sub</span> <span class='ocrx_word' id='word_1_638' title='bbox 2388 3678 2611 3734; x_wconf 91' lang='lat' dir='ltr'>ratione</span> <span class='ocrx_word' id='word_1_639' title='bbox 2656 3677 2950 3735; x_wconf 86' lang='lat' dir='ltr'>efficientis</span> <span class='ocrx_word' id='word_1_640' title='bbox 2979 3684 3151 3749; x_wconf 92' lang='lat' dir='ltr'>actus,</span> <span class='ocrx_word' id='word_1_641' title='bbox 3186 3653 3342 3743; x_wconf 50' lang='lat' dir='ltr'>agnino-</span> 
     </span>
     <span class='ocr_line' id='line_1_98' title="bbox 1800 3757 3159 3832; baseline 0.001 -17"><span class='ocrx_word' id='word_1_642' title='bbox 1800 3775 1900 3832; x_wconf 90' lang='lat' dir='ltr'>per</span> <span class='ocrx_word' id='word_1_643' title='bbox 1925 3774 2064 3831; x_wconf 92' lang='lat' dir='ltr'>quos</span> <span class='ocrx_word' id='word_1_644' title='bbox 2109 3757 2327 3830; x_wconf 90' lang='lat' dir='ltr'>impius</span> <span class='ocrx_word' id='word_1_645' title='bbox 2373 3757 2727 3830; x_wconf 85' lang='lat' dir='ltr'>disponitur;</span> <span class='ocrx_word' id='word_1_646' title='bbox 2774 3757 2873 3814; x_wconf 89' lang='lat' dir='ltr'>sed</span> <span class='ocrx_word' id='word_1_647' title='bbox 2916 3759 3022 3815; x_wconf 90' lang='lat' dir='ltr'>sub</span> <span class='ocrx_word' id='word_1_648' title='bbox 3060 3776 3159 3817; x_wconf 88' lang='lat' dir='ltr'>ra-</span> 
     </span>
     <span class='ocr_line' id='line_1_99' title="bbox 1798 3840 3160 3899; baseline 0.002 -3"><span class='ocrx_word' id='word_1_649' title='bbox 1798 3842 1956 3898; x_wconf 92' lang='lat' dir='ltr'>tione</span> <span class='ocrx_word' id='word_1_650' title='bbox 1984 3841 2184 3898; x_wconf 83' lang='lat' dir='ltr'>formae</span> <span class='ocrx_word' id='word_1_651' title='bbox 2209 3840 2506 3897; x_wconf 86' lang='lat' dir='ltr'>existentis</span> <span class='ocrx_word' id='word_1_652' title='bbox 2540 3844 2705 3896; x_wconf 90' lang='lat' dir='ltr'>extra</span> <span class='ocrx_word' id='word_1_653' title='bbox 2731 3841 2995 3897; x_wconf 91' lang='lat' dir='ltr'>omnium</span> <span class='ocrx_word' id='word_1_654' title='bbox 3023 3859 3160 3899; x_wconf 89' lang='lat' dir='ltr'>sua-</span> 
     </span>
     <span class='ocr_line' id='line_1_100' title="bbox 1800 3919 3159 3980; baseline 0.001 -2"><span class='ocrx_word' id='word_1_655' title='bbox 1800 3938 1932 3978; x_wconf 93' lang='lat' dir='ltr'>rum</span> <span class='ocrx_word' id='word_1_656' title='bbox 1960 3936 2260 3978; x_wconf 91' lang='lat' dir='ltr'>causarum</span> <span class='ocrx_word' id='word_1_657' title='bbox 2283 3919 2571 3978; x_wconf 88' lang='lat' dir='ltr'>exercitia.</span> <span class='ocrx_word' id='word_1_658' title='bbox 2600 3919 2765 3977; x_wconf 90' lang='lat' dir='ltr'>Unde</span> <span class='ocrx_word' id='word_1_659' title='bbox 2786 3921 3035 3980; x_wconf 91' lang='lat' dir='ltr'>minime</span> <span class='ocrx_word' id='word_1_660' title='bbox 3055 3938 3159 3980; x_wconf 90' lang='lat' dir='ltr'>ex-</span> 
     </span>
     <span class='ocr_line' id='line_1_101' title="bbox 1798 4000 3157 4077; baseline 0.001 -18"><span class='ocrx_word' id='word_1_661' title='bbox 1798 4002 2069 4070; x_wconf 87' lang='lat' dir='ltr'>cluditur,</span> <span class='ocrx_word' id='word_1_662' title='bbox 2124 4000 2274 4075; x_wconf 88' lang='lat' dir='ltr'>quod</span> <span class='ocrx_word' id='word_1_663' title='bbox 2335 4000 2535 4059; x_wconf 89' lang='lat' dir='ltr'>eadem</span> <span class='ocrx_word' id='word_1_664' title='bbox 2587 4003 2774 4075; x_wconf 89' lang='lat' dir='ltr'>gratia</span> <span class='ocrx_word' id='word_1_665' title='bbox 2836 4002 3157 4077; x_wconf 87' lang='lat' dir='ltr'>significata</span> 
     </span>
     <span class='ocr_line' id='line_1_102' title="bbox 1800 4082 3163 4157; baseline 0.001 -18"><span class='ocrx_word' id='word_1_666' title='bbox 1800 4083 1975 4140; x_wconf 84' lang='lat' dir='ltr'>fuerit</span> <span class='ocrx_word' id='word_1_667' title='bbox 2029 4082 2268 4139; x_wconf 91' lang='lat' dir='ltr'>nomine</span> <span class='ocrx_word' id='word_1_668' title='bbox 2313 4082 2624 4139; x_wconf 88' lang='lat' dir='ltr'>infusionis</span> <span class='ocrx_word' id='word_1_669' title='bbox 2662 4083 2878 4157; x_wconf 84' lang='lat' dir='ltr'>gratiae,</span> <span class='ocrx_word' id='word_1_670' title='bbox 2910 4100 3034 4156; x_wconf 81' lang='lat' dir='ltr'>quae</span> <span class='ocrx_word' id='word_1_671' title='bbox 3071 4089 3163 4141; x_wconf 87' lang='lat' dir='ltr'>to·-</span> 
     </span>
     <span class='ocr_line' id='line_1_103' title="bbox 1799 4163 3163 4240; baseline 0.001 -19"><span class='ocrx_word' id='word_1_672' title='bbox 1799 4170 1923 4221; x_wconf 92' lang='lat' dir='ltr'>tum</span> <span class='ocrx_word' id='word_1_673' title='bbox 1969 4163 2396 4238; x_wconf 84' lang='lat' dir='ltr'>justificationis</span> <span class='ocrx_word' id='word_1_674' title='bbox 2444 4166 2737 4240; x_wconf 88' lang='lat' dir='ltr'>negotium</span> <span class='ocrx_word' id='word_1_675' title='bbox 2797 4165 3163 4239; x_wconf 90' lang='lat' dir='ltr'>originaliter</span> 
     </span>
     <span class='ocr_line' id='line_1_104' title="bbox 1796 4246 3158 4322; baseline 0.001 -19"><span class='ocrx_word' id='word_1_676' title='bbox 1796 4246 2062 4314; x_wconf 82' lang='lat' dir='ltr'>inchoat;</span> <span class='ocrx_word' id='word_1_677' title='bbox 2086 4246 2222 4320; x_wconf 89' lang='lat' dir='ltr'>quia</span> <span class='ocrx_word' id='word_1_678' title='bbox 2249 4246 2312 4302; x_wconf 91' lang='lat' dir='ltr'>in</span> <span class='ocrx_word' id='word_1_679' title='bbox 2334 4246 2583 4304; x_wconf 88' lang='lat' dir='ltr'>diversis</span> <span class='ocrx_word' id='word_1_680' title='bbox 2609 4264 2791 4304; x_wconf 63' lang='lat' dir='ltr'>causas</span> <span class='ocrx_word' id='word_1_681' title='bbox 2829 4247 3158 4322; x_wconf 85' lang='lat' dir='ltr'>generibus,</span> 
     </span>
     <span class='ocr_line' id='line_1_105' title="bbox 1797 4324 3164 4401; baseline 0.001 -18"><span class='ocrx_word' id='word_1_682' title='bbox 1797 4332 1857 4383; x_wconf 91' lang='lat' dir='ltr'>et</span> <span class='ocrx_word' id='word_1_683' title='bbox 1892 4325 2207 4383; x_wconf 90' lang='lat' dir='ltr'>secundum</span> <span class='ocrx_word' id='word_1_684' title='bbox 2248 4324 2580 4382; x_wconf 81' lang='lat' dir='ltr'>differentes</span> <span class='ocrx_word' id='word_1_685' title='bbox 2620 4325 2852 4383; x_wconf 89' lang='lat' dir='ltr'>ordines</span> <span class='ocrx_word' id='word_1_686' title='bbox 2891 4342 2963 4383; x_wconf 90' lang='lat' dir='ltr'>ex</span> <span class='ocrx_word' id='word_1_687' title='bbox 3002 4332 3164 4401; x_wconf 91' lang='lat' dir='ltr'>parte</span> 
     </span>
     <span class='ocr_line' id='line_1_106' title="bbox 1798 4407 3163 4481; baseline 0.001 -16"><span class='ocrx_word' id='word_1_688' title='bbox 1798 4408 2038 4481; x_wconf 74' lang='lat' dir='ltr'>agentia,</span> <span class='ocrx_word' id='word_1_689' title='bbox 2069 4418 2127 4465; x_wconf 87' lang='lat' dir='ltr'>et</span> <span class='ocrx_word' id='word_1_690' title='bbox 2165 4407 2314 4481; x_wconf 89' lang='lat' dir='ltr'>passi</span> <span class='ocrx_word' id='word_1_691' title='bbox 2350 4413 2434 4464; x_wconf 89' lang='lat' dir='ltr'>est</span> <span class='ocrx_word' id='word_1_692' title='bbox 2458 4413 2514 4465; x_wconf 91' lang='lat' dir='ltr'>et</span> <span class='ocrx_word' id='word_1_693' title='bbox 2554 4407 2927 4481; x_wconf 89' lang='lat' dir='ltr'>principium,</span> <span class='ocrx_word' id='word_1_694' title='bbox 2959 4415 3016 4467; x_wconf 91' lang='lat' dir='ltr'>et</span> <span class='ocrx_word' id='word_1_695' title='bbox 3043 4416 3163 4468; x_wconf 90' lang='lat' dir='ltr'>ter-</span> 
     </span>
     <span class='ocr_line' id='line_1_107' title="bbox 1798 4487 3162 4563; baseline 0.004 -18"><span class='ocrx_word' id='word_1_696' title='bbox 1798 4489 1996 4545; x_wconf 90' lang='lat' dir='ltr'>minus</span> <span class='ocrx_word' id='word_1_697' title='bbox 2036 4487 2490 4563; x_wconf 78' lang='lat' dir='ltr'>justificationis,</span> <span class='ocrx_word' id='word_1_698' title='bbox 2534 4488 2704 4545; x_wconf 93' lang='lat' dir='ltr'>modo</span> <span class='ocrx_word' id='word_1_699' title='bbox 2763 4489 2921 4547; x_wconf 86' lang='lat' dir='ltr'>infra</span> <span class='ocrx_word' id='word_1_700' title='bbox 2970 4491 3162 4550; x_wconf 89' lang='lat' dir='ltr'>decla-</span> 
     </span>
     <span class='ocr_line' id='line_1_108' title="bbox 1800 4568 3156 4629; baseline 0.004 -5"><span class='ocrx_word' id='word_1_701' title='bbox 1800 4568 2000 4625; x_wconf 92' lang='lat' dir='ltr'>rando.</span> <span class='ocrx_word' id='word_1_702' title='bbox 2063 4569 2272 4625; x_wconf 87' lang='lat' dir='ltr'>Merito</span> <span class='ocrx_word' id='word_1_703' title='bbox 2330 4573 2523 4625; x_wconf 89' lang='lat' dir='ltr'>autem</span> <span class='ocrx_word' id='word_1_704' title='bbox 2576 4569 2743 4626; x_wconf 87' lang='lat' dir='ltr'>toties</span> <span class='ocrx_word' id='word_1_705' title='bbox 2794 4572 3039 4628; x_wconf 90' lang='lat' dir='ltr'>asseruit</span> <span class='ocrx_word' id='word_1_706' title='bbox 3090 4574 3156 4629; x_wconf 91' lang='lat' dir='ltr'>D.</span> 
     </span>
     <span class='ocr_line' id='line_1_109' title="bbox 1799 4649 3162 4726; baseline 0.006 -22"><span class='ocrx_word' id='word_1_707' title='bbox 1799 4651 2006 4708; x_wconf 90' lang='lat' dir='ltr'>Thom.</span> <span class='ocrx_word' id='word_1_708' title='bbox 2049 4649 2246 4717; x_wconf 90' lang='lat' dir='ltr'>finem,</span> <span class='ocrx_word' id='word_1_709' title='bbox 2279 4655 2337 4708; x_wconf 91' lang='lat' dir='ltr'>et</span> <span class='ocrx_word' id='word_1_710' title='bbox 2374 4651 2694 4708; x_wconf 90' lang='lat' dir='ltr'>terminum</span> <span class='ocrx_word' id='word_1_711' title='bbox 2734 4652 3162 4726; x_wconf 84' lang='lat' dir='ltr'>justificationis</span> 
     </span>
     <span class='ocr_line' id='line_1_110' title="bbox 1797 4729 3165 4807; baseline 0.004 -21"><span class='ocrx_word' id='word_1_712' title='bbox 1797 4745 1921 4786; x_wconf 85' lang='lat' dir='ltr'>esse</span> <span class='ocrx_word' id='word_1_713' title='bbox 1968 4729 2368 4786; x_wconf 89' lang='lat' dir='ltr'>remissionem</span> <span class='ocrx_word' id='word_1_714' title='bbox 2391 4730 2570 4802; x_wconf 82' lang='lat' dir='ltr'>culpae</span> <span class='ocrx_word' id='word_1_715' title='bbox 2597 4736 2755 4786; x_wconf 87' lang='lat' dir='ltr'>:tum</span> <span class='ocrx_word' id='word_1_716' title='bbox 2778 4732 2931 4804; x_wconf 90' lang='lat' dir='ltr'>quia,</span> <span class='ocrx_word' id='word_1_717' title='bbox 2960 4738 3022 4788; x_wconf 91' lang='lat' dir='ltr'>ut</span> <span class='ocrx_word' id='word_1_718' title='bbox 3041 4734 3165 4807; x_wconf 91' lang='lat' dir='ltr'>ipse</span> 
     </span>
     <span class='ocr_line' id='line_1_111' title="bbox 1798 4808 3162 4891; baseline 0.004 -25"><span class='ocrx_word' id='word_1_719' title='bbox 1798 4812 1856 4866; x_wconf 91' lang='lat' dir='ltr'>S.</span> <span class='ocrx_word' id='word_1_720' title='bbox 1883 4812 2039 4867; x_wconf 88' lang='lat' dir='ltr'>Doct.</span> <span class='ocrx_word' id='word_1_721' title='bbox 2068 4808 2333 4867; x_wconf 85' lang='lat' dir='ltr'>observat</span> <span class='ocrx_word' id='word_1_722' title='bbox 2353 4813 2412 4866; x_wconf 78' lang='lat' dir='ltr'>in</span> <span class='ocrx_word' id='word_1_723' title='bbox 2432 4817 2543 4867; x_wconf 82' lang='lat' dir='ltr'>art.</span> <span class='ocrx_word' id='word_1_724' title='bbox 2578 4812 2596 4867; x_wconf 95' lang='lat' dir='ltr'>l</span> <span class='ocrx_word' id='word_1_725' title='bbox 2642 4812 2810 4885; x_wconf 75' lang='lat' dir='ltr'>hujus</span> <span class='ocrx_word' id='word_1_726' title='bbox 2836 4821 3015 4891; x_wconf 63' lang='lat' dir='ltr'>quast.</span> <span class='ocrx_word' id='word_1_727' title='bbox 3045 4831 3162 4872; x_wconf 88' lang='lat' dir='ltr'>non</span> 
     </span>
     <span class='ocr_line' id='line_1_112' title="bbox 1800 4890 3168 4969; baseline 0.004 -21"><span class='ocrx_word' id='word_1_728' title='bbox 1800 4891 1920 4966; x_wconf 87' lang='lat' dir='ltr'>agit</span> <span class='ocrx_word' id='word_1_729' title='bbox 1944 4891 2013 4949; x_wconf 90' lang='lat' dir='ltr'>de</span> <span class='ocrx_word' id='word_1_730' title='bbox 2039 4890 2469 4967; x_wconf 85' lang='lat' dir='ltr'>justificatione,</span> <span class='ocrx_word' id='word_1_731' title='bbox 2501 4907 2626 4967; x_wconf 82' lang='lat' dir='ltr'>quae</span> <span class='ocrx_word' id='word_1_732' title='bbox 2645 4898 2730 4951; x_wconf 90' lang='lat' dir='ltr'>est</span> <span class='ocrx_word' id='word_1_733' title='bbox 2754 4893 3003 4969; x_wconf 85' lang='lat' dir='ltr'>simplex</span> <span class='ocrx_word' id='word_1_734' title='bbox 3029 4911 3168 4953; x_wconf 88' lang='lat' dir='ltr'>mu·-</span> 
     </span>
     <span class='ocr_line' id='line_1_113' title="bbox 1800 4972 3162 5049; baseline 0.004 -21"><span class='ocrx_word' id='word_1_735' title='bbox 1800 4972 1943 5031; x_wconf 90' lang='lat' dir='ltr'>tatio</span> <span class='ocrx_word' id='word_1_736' title='bbox 1988 4988 2021 5030; x_wconf 86' lang='lat' dir='ltr'>a</span> <span class='ocrx_word' id='word_1_737' title='bbox 2066 4987 2184 5032; x_wconf 90' lang='lat' dir='ltr'>non</span> <span class='ocrx_word' id='word_1_738' title='bbox 2226 4973 2452 5048; x_wconf 81' lang='lat' dir='ltr'>justitia</span> <span class='ocrx_word' id='word_1_739' title='bbox 2478 4973 2550 5030; x_wconf 91' lang='lat' dir='ltr'>ad</span> <span class='ocrx_word' id='word_1_740' title='bbox 2582 4974 2909 5049; x_wconf 83' lang='lat' dir='ltr'>justitiam:</span> <span class='ocrx_word' id='word_1_741' title='bbox 2954 4976 3054 5034; x_wconf 87' lang='lat' dir='ltr'>sed</span> <span class='ocrx_word' id='word_1_742' title='bbox 3091 4975 3162 5033; x_wconf 91' lang='lat' dir='ltr'>de</span> 
     </span>
    </p>
   </div>
  </div>
 </body>
</html>
