3647 5753
462 451 573 507 594
901 432 906 436 ’
1141 450 1234 504 DE
1266 450 1878 505 DISPOSITIONIBUS
1917 451 2015 505 AD
2053 451 2716 511 JUSTIFICATIONEM.

463 620 666 688 cantis,
698 626 761 677 ut
798 620 880 677 ibi
907 621 1264 679 ostendimus
1290 624 1397 694 34,
1430 622 1579 695 quod
1620 621 1833 678 falsum

463 707 627 768 esset,
659 701 708 758 si
738 706 894 758 actus
933 703 1232 760 charitatis
1272 721 1305 761 a
1343 704 1530 779 gratia
1573 701 1833 760 sanctifi-

440 785 631 838 ·cante
676 782 1062 841 essentialiter
1087 799 1205 842 non
1232 784 1596 859 dependeret,
1628 788 1691 840 ut
1716 782 1834 840 ibi·-

466 863 599 920 dem
647 864 1019 937 probavimus
1056 870 1088 937 §
1134 870 1188 935 2,
1222 872 1408 942 posset
1439 867 1649 941 quippe
1684 882 1835 941 prae-

467 946 650 1003 dictus
696 950 851 1002 actus
899 964 933 1004 a
980 949 1167 1022 gratia
1224 950 1495 1022 praecisus
1543 953 1834 1022 peccatum

468 1026 748 1084 indirecte
767 1029 1073 1101 expellere.
1099 1029 1414 1088 Secundum
1434 1035 1536 1098 est,
1556 1029 1834 1104 quoniam

465 1106 736 1182 subjectio
765 1109 1000 1164 actualis
1043 1111 1216 1167 totius
1258 1111 1517 1169 hominis
1553 1111 1623 1168 ad
1650 1114 1834 1167 Deum

468 1190 741 1246 ultimum
771 1189 946 1247 finem
976 1193 1117 1265 petit
1146 1193 1449 1266 procedere
1470 1210 1503 1251 a
1524 1192 1830 1268 principiO,

466 1269 617 1344 quod
658 1276 841 1328 totum
880 1272 1181 1330 hominem
1209 1273 1584 1332 habitualiter
1611 1274 1700 1330 illi
1727 1271 1834 1329 fini

468 1352 730 1428 subjiciat
762 1376 775 1411 ε
804 1353 902 1413 sed
930 1370 1096 1413 amor
1121 1357 1423 1415 charitatis
1449 1363 1534 1415 est
1574 1356 1831 1424 actualiS,

466 1440 523 1492 et
550 1436 797 1507 perfecta
835 1436 1108 1512 subjectio
1147 1439 1403 1496 hominis
1432 1439 1503 1497 ad
1537 1442 1719 1497 Deum
1741 1439 1822 1495 ul-

467 1516 678 1572 timum
734 1517 910 1575 finem
938 1541 952 1585 ;
1014 1524 1071 1576 et
1114 1520 1236 1577 sola
1286 1520 1473 1595 gratia
1525 1519 1838 1577 habitualis

466 1597 693 1673 subjicit
718 1600 830 1656 sibi
861 1600 1233 1658 habitualiter
1280 1608 1465 1661 totum
1493 1603 1791 1661 hominem
1820 1623 1834 1659 :

466 1695 601 1754 ergo
649 1696 812 1739 amor
851 1681 1150 1739 charitatis
1191 1682 1473 1757 dependet
1517 1684 1722 1741 saltem
1767 1682 1840 1740 de

466 1762 591 1836 lege
632 1761 930 1822 ordinaria
958 1782 991 1822 a
1020 1764 1290 1838 praedicta
1321 1766 1528 1841 gratia,
1560 1771 1840 1840 tanquam

468 1858 503 1898 a
524 1843 810 1917 principio
830 1844 1108 1903 effectivo,
1135 1845 1297 1911 Quod
1324 1847 1609 1904 motivum
1629 1862 1841 1921 expen-

471 1924 664 1981 dimus
701 1942 769 1984 eo
813 1929 954 1995 loco,
986 1931 1018 1998 ξ
1045 1930 1098 1986 5.
1141 1928 1388 1986 Tertium
1428 1935 1529 1999 est,
1561 1930 1840 2002 quoniam

472 2005 773 2064 inclinatio
820 2008 1066 2081 perfecta
1094 2008 1165 2065 ad
1193 2008 1411 2067 bonum
1459 2011 1628 2085 alicuj
1640 2027 1704 2067 us
1731 2026 1842 2067 na-

471 2094 615 2146 turae
639 2094 723 2147 est
748 2089 1003 2148 effective
1050 2090 1121 2148 ab
1161 2091 1286 2165 ipsa
1328 2098 1555 2161 natura,
1588 2094 1735 2150 etin
1773 2109 1842 2150 ea

473 2170 749 2227 fundatur
771 2192 784 2228 ε
807 2171 906 2229 sed
930 2188 1093 2229 amor
1113 2173 1411 2230 charitatis
1431 2179 1515 2231 est
1538 2174 1842 2232 inclinatio

471 2251 722 2323 perfecta
747 2252 817 2308 ad
846 2251 1064 2310 bonum
1092 2258 1315 2310 naturae
1354 2254 1591 2322 divinas,
1624 2272 1750 2328 quae
1775 2256 1843 2311 in

472 2331 638 2389 nobis
690 2332 932 2390 habetur
983 2349 1084 2408 per
1127 2336 1379 2409 gratiam
1434 2336 1792 2394 habitualem
1826 2356 1840 2393 ε

470 2428 607 2487 ergo
653 2413 954 2487 praedictus
993 2431 1159 2473 amor
1207 2416 1463 2490 procedit
1501 2419 1760 2476 effective
1809 2433 1845 2474 a

472 2494 656 2566 gratia
684 2494 980 2562 habituali,
1010 2501 1066 2553 et
1094 2497 1158 2553 in
1178 2513 1246 2554 ea
1268 2497 1568 2555 fundatur.
1597 2499 1846 2557 Videan-

474 2579 569 2630 tur
609 2573 823 2633 ibidem
864 2575 1011 2634 dicta
1052 2583 1085 2648 g
1123 2583 1180 2635 7.
1229 2583 1512 2645 Quartum
1555 2582 1843 2640 motivum

470 2659 594 2722 est;
627 2670 761 2711 nam
804 2656 924 2713 vita
953 2660 1191 2715 actualis
1232 2660 1578 2733 simpliciter
1618 2662 1753 2718 talis
1780 2662 1844 2718 in

469 2734 675 2792 ordine
713 2739 1143 2809 supernaturali
1183 2742 1459 2813 supponit
1491 2744 1843 2816 principium

471 2814 707 2873 vivendi
730 2817 1075 2892 simpliciter
1098 2821 1211 2879 tale
1232 2822 1298 2878 in
1322 2821 1591 2894 praedicto
1613 2824 1838 2894 ordine,

470 2901 526 2953 et
553 2896 623 2953 ab
650 2913 716 2954 eo
744 2899 926 2956 active
955 2901 1208 2973 procedit
1236 2923 1249 2959 ε
1277 2904 1377 2963 sed
1403 2921 1569 2962 amor
1594 2905 1846 2964 charita-

472 2979 546 3035 tis
572 2985 655 3036 est
694 2980 815 3038 vita
856 2983 1095 3039 actualis
1119 2984 1464 3059 simpliciter
1493 2988 1626 3044 talis
1653 2989 1717 3044 in
1744 3005 1847 3046 or-

476 3060 611 3118 dine
636 3066 1066 3137 supernaturali
1087 3090 1102 3133 ;
1138 3072 1195 3125 et
1234 3069 1357 3125 sola
1376 3071 1562 3145 gratia
1584 3071 1847 3128 sanctifi-

479 3160 614 3200 cans
633 3150 717 3201 est
740 3146 1094 3220 principium
1110 3147 1346 3206 vivendi
1363 3152 1710 3225 simpliciter
1732 3154 1848 3211 tale

480 3225 543 3281 in
570 3227 838 3299 praedicto
877 3229 1083 3287 ordine
1115 3250 1129 3287 ε
1159 3245 1295 3304 ergo
1335 3247 1499 3290 amor
1544 3233 1847 3292 charitatis

477 3310 765 3383 supponit,
784 3313 989 3369 saltem
1013 3313 1377 3380 naturaliter,
1398 3314 1649 3387 gratiam
1677 3333 1847 3375 sanc-

478 3388 809 3459 tificantem,
859 3398 916 3449 et
955 3392 1027 3450 ab
1065 3409 1131 3451 ea
1169 3399 1443 3467 tanquam
1486 3411 1519 3451 a
1560 3398 1847 3471 principio

477 3470 733 3530 effectivo
757 3472 1029 3547 procedit.
1056 3478 1238 3540 Quem
1265 3473 1592 3533 discursum
1627 3478 1846 3536 ibidem

475 3553 855 3626 expendimus
882 3559 912 3625 ξ
938 3556 997 3610 8.
1028 3557 1099 3612 Et
1123 3556 1333 3614 deinde
1354 3561 1383 3627 ς
1407 3560 1444 3615 9
1489 3560 1848 3618 occurrimus

479 3635 741 3710 pluribus
763 3638 1141 3712 argumentis,
1166 3655 1295 3713 quae
1317 3644 1553 3713 possunt
1574 3645 1845 3714 praesenti

478 3717 781 3774 assertioni
821 3718 1033 3792 opponi
1067 3739 1081 3775 ε
1112 3720 1377 3792 quocirca
1414 3737 1482 3778 ea
1527 3737 1680 3778 nunc
1728 3738 1848 3780 non

481 3803 820 3870 repetemus,
874 3798 973 3856 sed
1020 3800 1141 3856 illis
1186 3805 1413 3858 tantum
1468 3801 1849 3875 respondebi-

478 3894 626 3945 mus,
659 3896 782 3952 quae
828 3896 895 3937 eo
940 3880 1153 3938 directe
1195 3882 1456 3949 tendunt,
1502 3888 1562 3939 ut
1602 3885 1849 3958 probent

478 3964 633 4016 actus
659 3958 1026 4034 disponentes
1068 3960 1139 4018 ad
1173 3962 1645 4037 justificationem
1675 3966 1846 4040 impii

477 4056 508 4096 a
535 4041 721 4115 gratia
748 4040 1140 4101 sanctificante
1169 4059 1286 4102 non
1315 4045 1641 4119 procedere.

1111 4236 1143 4303 g
1184 4235 1279 4291 1v.

517 4382 773 4454 Refertur
797 4383 983 4455 opinio
1008 4385 1313 4449 contraria,
1346 4391 1397 4439 et
1423 4385 1808 4443 convelluntur

777 4464 972 4543 aliqua
996 4467 1117 4536 ejus
1142 4465 1529 4539 fundamenta.

289 4630 441 4682 omnio
557 4615 647 4671 90.
680 4614 1011 4687 Oppositam
1047 4619 1256 4672 nostrae
1285 4615 1589 4674 assertioni
1623 4622 1851 4676 senten·

288 4684 451 4775 ⁰⁰rl¹2¹f³·
484 4696 624 4753 uam
645 4694 1054 4834 dfsendtungon.
1086 4696 1402 4836 {Zssssvgnss
1403 4698 1566 4834 {¹⁸14
1585 4698 1743 4836 gfff,
1746 4701 1845 4836 11¹}

265 4804 453 4897 1963‘31‘31'·
475 4786 846 4938 {ssff'quisff’i
869 4819 932 4916 'et
951 4821 1019 4915 in'
1037 4795 1098 4927 eq,
1123 4821 1252 4917 desi.
1282 4861 1375 4928 28,
1407 4822 1587 4935 quaesset.
1619 4861 1672 4929 5,
1713 4823 1851 4918 sooss

270 4903 442 4995 ἓξὲξ-ἐἷ
482 4948 575 4999 tus
614 4944 675 4997 in
699 4943 754 5010 4,
786 4942 915 5000 dist.
957 4944 1039 5011 14,
1071 4950 1251 5021 quast.
1296 4946 1352 5010 2,
1384 4952 1495 5002 art.
1535 4946 1581 5012 1,
1615 4943 1845 5002 Ricard.

264 4999 591 5094 {ssess‘ssfflarc
618 5025 674 5091 6,
700 5032 883 5102 quest.
918 5028 963 5096 1,
991 5026 1273 5085 Paludan.
1300 5034 1484 5105 quast.
1514 5027 1569 5094 3,
1594 5028 1765 5083 conce.
1789 5029 1845 5095 2,

265 5098 730 5165 *⁰⁰¹⁰⁰⁵·Enricus
774 5109 957 5186 quodi.
1007 5112 1062 5179 5,
1106 5119 1287 5190 quaest.
1333 5113 1426 5178 23,
1469 5110 1745 5168 Abulens.
1790 5113 1853 5167 in

1967 621 2173 682 Manli.
2223 641 2345 697 cop.
2404 626 2486 693 19,
2547 633 2730 704 quaest.
2790 627 2911 692 181,
2954 626 3031 682 ad
3073 626 3129 691 4,
3185 626 3341 698 Vega
3387 644 3515 694 vega

1969 702 2063 760 tib.
2093 703 2148 772 6,
2180 705 2241 759 in
2288 703 2444 761 Tria.
2472 723 2589 779 cap.
2623 708 2714 774 28,
2751 713 2802 761 et
2828 707 2921 772 29,
2964 705 3243 763 Mendoza
3279 707 3552 761 iuuenem.

1967 801 2055 862 qq.
2086 786 2324 862 quodlib.
2369 794 2548 859 quast.
2592 789 2647 855 2,
2696 788 2866 845 schol.
2911 789 3040 845 dub.
3079 789 3136 854 2,
3172 789 3205 856 ἓ
3249 786 3336 853 14,

1967 869 2180 924 Suarez
2226 869 2319 926 lib.
2352 872 2407 938 8,
2439 871 2504 926 de
2538 874 2748 942 mutia,
2789 888 2909 944 cap.
2953 872 3035 935 12,
3061 874 3119 926 et
3152 869 3250 925 lib.
3278 868 3335 934 3,
3353 878 3528 921 Suam.

1967 947 2032 1003 de
2085 950 2344 1018 auaeiliis,
2376 969 2500 1022 cap.
2540 953 2597 1019 4,
2642 958 2699 1010 et
2737 959 2868 1009 tom.
2910 953 2966 1019 4,
3010 952 3070 1007 in
3109 950 3145 1006 3
3177 956 3333 1024 part.

1968 1029 2108 1103 disp.
2139 1032 2193 1100 4,
2224 1033 2395 1089 schol.
2431 1036 2489 1101 7,
2521 1035 2719 1091 Zumel
2761 1037 2823 1091 in
2851 1039 3097 1108 pressent.
3130 1039 3241 1090 art.
3272 1032 3331 1099 8,
3371 1037 3524 1106 2,qu

1968 1109 2110 1185 disp.
2152 1113 2197 1179 1,
2227 1113 2335 1182 ss,
2369 1113 2469 1170 ubi
2499 1115 2694 1171 curiel
2718 1116 2846 1173 dub.
2887 1116 2935 1182 ι,
2966 1117 2999 1184 e
3024 1116 3080 1179 2.
3105 1115 3272 1170 Joan·
3302 1085 3525 1182 asssffii

1969 1192 2030 1248 S.
2051 1192 2273 1252 Thoma
2290 1195 2431 1269 disp.
2473 1197 2555 1265 18,
2582 1204 2692 1254 art.
2721 1199 2778 1264 2,
2798 1199 3032 1254 Arauxo
3057 1194 3169 1251 sibi
3194 1209 3341 1252 con·
3353 1186 3539 1281 {33¹¹}-

1971 1272 2188 1329 trarius
2227 1282 2342 1332 art.
2382 1279 2438 1344 8,
2487 1276 2618 1333 dub.
2658 1278 2714 1347 2,
2764 1279 3008 1334 Montes.
3057 1277 3200 1350 disp.
3243 1275 3528 1342 &arnum

1971 1361 2157 1431 quaest.
2210 1357 2266 1422 4,
2326 1360 2483 1433 Lugo
2545 1359 2691 1432 disp.
2752 1360 2808 1427 8,
2866 1359 2931 1415 de
2986 1360 3336 1433 poenitentia,
3380 1338 3508 1389 ΒΨ·

1969 1443 2097 1493 sect.
2152 1439 2208 1504 7,
2258 1440 2556 1498 Granados
2606 1447 2848 1498 controv.
2901 1443 2954 1508 8,
3003 1440 3067 1496 de
3126 1434 3531 1512 qratio,G¹'⁸¹²¹¹¹-

1972 1524 2135 1575 tract.
2171 1520 2254 1586 10,
2278 1520 2419 1593 disp.
2446 1523 2502 1588 2,
2529 1521 2775 1595 Ripalda
2800 1529 2931 1578 tom.
2953 1523 3006 1590 2,
3036 1522 3180 1595 disp.
3214 1523 3336 1591 124,
3357 1533 3548 1586 nimian.

1972 1606 2096 1657 sect.
2122 1601 2176 1667 5,
2207 1605 2264 1657 et
2291 1601 2393 1657 alii
2435 1603 2650 1675 plures.
2682 1604 2837 1661 Solet
2875 1602 3049 1660 etiam
3093 1618 3198 1676 pro
3236 1602 3343 1659 hac

1972 1682 2261 1740 sententia
2301 1683 2508 1741 referri
2553 1686 2862 1758 Capreolus
2901 1688 2963 1741 in
3001 1688 3056 1753 4,
3089 1685 3219 1741 dist.
3252 1686 3338 1751 14,
3355 1681 3547 1732 &mol-

1974 1769 2158 1839 quaest·
2184 1764 2238 1830 4,
2270 1771 2379 1820 art.
2413 1765 2466 1833 3,
2497 1765 2596 1823 sed
2623 1782 2752 1823 eam
2782 1766 3031 1824 minime
3069 1764 3250 1833 docet,
3282 1772 3346 1821 ut

1975 1843 2189 1917 legenti
2216 1844 2517 1903 constabit.

2050 1925 2185 1988 Quae
2212 1925 2412 1998 opinio
2440 1926 2717 2000 probatur
2765 1927 2956 2001 primo
2995 1927 3541 1986 testimoniisl’rimem

1975 2020 2151 2063 sacrae
2179 2006 2485 2080 Scripturae
2509 2051 2523 2075 ,
2554 2025 2690 2065 nam
2721 2008 2966 2066 Zachar.
2995 2012 3050 2074 4,
3082 2008 3294 2067 dicitur
3325 2030 3340 2065 ε
3400 1980 3520 2069 mviii:

1980 2086 2383 2145 Convertimini
2402 2090 2477 2145 ad
2505 2108 2603 2159 me,
2629 2099 2677 2147 et
2697 2109 2788 2162 eqo
2814 2099 3105 2148 convertar
3122 2092 3196 2147 ad
3223 2109 3339 2149 vos.
3356 2076 3527 2118 ²²⁶³*

1978 2170 2090 2227 Ubi
2154 2171 2513 2245 significatur
2575 2173 3015 2231 conversionem
3083 2179 3344 2231 nostram

1979 2255 2338 2329 praerequiri,
2392 2262 2452 2312 ut
2499 2257 2648 2313 Deus
2683 2273 2746 2314 se
2790 2262 3089 2314 convertat
3128 2256 3198 2314 ad
3238 2273 3346 2316 nos

1981 2353 2081 2409 per
2107 2336 2460 2394 infusionem
2482 2337 2684 2411 gratiae
2710 2336 3151 2404 sanctificantis;
3176 2343 3347 2412 atque

1979 2417 2109 2476 ideo
2154 2419 2402 2493 gratiam
2449 2418 2902 2478 sanctificantem
2951 2419 3231 2493 promitti,
3284 2430 3351 2476 ut

1981 2500 2315 2557 distinctum
2343 2498 2686 2557 beneficium
2719 2517 2752 2558 a
2785 2501 2990 2576 gratia,
3032 2517 3132 2574 per
3172 2518 3348 2575 quam

1980 2581 2044 2637 in
2093 2582 2282 2655 ipsum
2328 2581 2726 2638 convertimur
2777 2605 2790 2640 ε
2839 2582 3102 2655 implicat
3152 2587 3349 2641 autem

1981 2661 2242 2735 promitti
2295 2677 2399 2735 pro
2445 2678 2595 2720 novo
2640 2661 2936 2730 benefici0,
2991 2670 3048 2721 et
3104 2664 3350 2737 praemio

1980 2745 2170 2818 operis
2195 2744 2274 2812 id,
2305 2744 2455 2818 quod
2493 2751 2579 2803 est
2616 2745 2971 2820 principium
3017 2745 3348 2804 effectivum

1983 2826 2236 2900 praedicti
2264 2827 2452 2900 operis
2487 2828 2675 2885 :sicut
2700 2827 2961 2900 implicat
2997 2832 3179 2886 Deum
3209 2843 3348 2903 pro·

1982 2909 2212 2966 mittere
2236 2924 2338 2981 pro
2367 2910 2608 2982 praemio
2635 2908 2879 2966 visionis
2908 2913 3225 2984 potentiam
3255 2912 3350 2967 vi-

1981 2990 2186 3056 sivam,
2216 3005 2343 3062 quae
2386 2995 2472 3047 est
2513 2990 2867 3064 principium
2907 2990 3236 3049 effectivum
3266 2992 3352 3047 vi·

1981 3070 2155 3128 dendi
2195 3090 2208 3125 ε
2257 3084 2392 3143 ergo
2441 3072 2647 3144 gratia,
2697 3088 2822 3145 quae
2865 3078 2949 3128 est
2992 3072 3349 3146 principium

1983 3158 2156 3218 actus,
2181 3167 2292 3225 quo
2332 3150 2577 3224 perfecte
2613 3154 3009 3209 convertimur
3048 3154 3111 3210 in
3143 3156 3343 3218 Deum,

1981 3241 2038 3294 et
2081 3236 2290 3292 ultimo
2333 3233 2702 3306 disponimur
2745 3234 2817 3292 ad
2857 3235 3344 3310 justificationem,

1982 3316 2358 3390 distinguitur
2389 3316 2623 3373 realiter
2662 3332 2696 3372 a
2733 3318 2920 3390 gratia
2954 3317 3256 3384 habituali,
3292 3323 3349 3374 et

1982 3398 2389 3455 sanctificante.
2447 3395 2705 3453 Eandem
2767 3398 2890 3455 vim
2954 3398 3171 3456 habent
3232 3398 3347 3455 alia

1983 3478 2290 3551 Scripturas
2340 3476 2694 3534 testimonia.
2746 3480 2914 3535 Joan.
2977 3478 3181 3537 14:8⁸·
3223 3481 3556 3555 quisnam.

1983 3562 2165 3632 diliyit
2190 3577 2291 3628 me,
2323 3560 2494 3617 Pater
2512 3578 2663 3616 meus
2682 3560 2870 3633 diliyet
2895 3580 3038 3629 eum,
3062 3570 3113 3618 et
3132 3562 3207 3617 ad
3223 3580 3345 3620 eum

1983 3646 2277 3709 veniemus,
2303 3649 2352 3697 et
2381 3643 2719 3697 mansionem
2738 3643 2890 3715 apud
2913 3660 3036 3699 eum
3056 3644 3341 3717 faciemuS,

1987 3724 2180 3797 utique
2208 3737 2307 3796 per
2345 3723 2614 3797 gratiam.
2646 3724 2716 3777 Et
2742 3738 2864 3796 cap.
2905 3724 3002 3780 16:
3030 3723 3152 3796 Ipse
3184 3731 3345 3796 pater

1984 3810 2139 3861 amat
2183 3821 2278 3860 vos
2316 3806 2449 3878 quia
2495 3821 2590 3860 vos
2629 3822 2712 3860 me
2751 3808 3003 3861 amastis.
3065 3806 3221 3860 Lucae
3259 3807 3295 3859 7
3326 3802 3537 3859 :D—Lut
3623 3826 3632 3837 ·

1984 3885 2234 3943 Dimissa
2261 3892 2389 3941 sunt
2416 3887 2468 3941 ei
2498 3893 2724 3959 peccata
2750 3887 2948 3953 multa,
2981 3888 3111 3963 quia
3146 3885 3346 3941 dilexit
3623 3876 3647 3901 ⁴

1984 3969 2239 4026 multum.

2059 4042 2454 4115 Respondetur
2494 4042 2586 4099 his
2625 4042 2974 4101 testimoniis
3009 4040 3349 4116 opponendo
3388 4050 3540 4093 neim-

1985 4123 2128 4181 alias
2171 4123 2480 4196 Scripturae
2522 4124 2919 4190 authoritates,
2949 4139 3076 4195 quae
3121 4122 3350 4201 signifi·
3380 4102 3543 4207 {⁰23²

1983 4210 2114 4261 cant
2152 4204 2590 4263 conversionem
2619 4211 2879 4263 nostram
2907 4203 2978 4261 ad
3009 4206 3190 4262 Deum
3229 4196 3550 4264 essefflmffl-

1983 4286 2245 4344 ess'ectum
2296 4287 2690 4344 conversionis
2735 4286 2835 4343 Dei
2886 4284 2958 4342 ad
3011 4301 3118 4343 nos
3158 4286 3353 4345 media

1983 4367 2187 4443 gratia,
2213 4382 2324 4439 qua
2350 4365 2775 4424 sanctificamur
2808 4388 2822 4422 ε
2852 4366 3187 4441 hujusmodi
3214 4374 3354 4425 sunt

1987 4450 2244 4507 Hierem.
2273 4450 2487 4507 Thren.
2519 4452 2555 4506 5
2578 4449 2873 4509 :Converte
2893 4469 2992 4507 nos
3019 4451 3250 4507 Domine
3277 4452 3355 4509 ad
3367 4444 3550 4538 {iffi

1983 4539 2052 4598 te,
2082 4539 2132 4588 et
2153 4539 2543 4588 convertemur.
2569 4532 2639 4587 Et
2674 4534 2719 4601 l,
2749 4532 2916 4589 Joan.
2948 4534 2984 4587 4
3013 4553 3026 4588 ε
3057 4531 3187 4590 Non
3209 4534 3355 4609 quod

1981 4615 2141 4688 prius
2189 4613 2549 4669 dileoeerimus
2592 4628 2735 4682 eum,
2791 4613 2884 4668 sed
2926 4615 3188 4687 quoniam
3240 4615 3355 4689 ipse

1981 4696 2140 4768 prior
2175 4693 2373 4749 dileoeit
2400 4710 2515 4749 nos.
2546 4694 2613 4748 Et
2644 4692 2858 4750 relictis
2885 4693 3134 4751 aliorum
3162 4694 3355 4753 inter-

1987 4775 2423 4850 pretationibus,
2467 4774 2565 4847 qui
2606 4775 2769 4832 varie
2798 4773 3065 4849 praedicta
3098 4777 3357 4837 testimo-

1986 4857 2087 4915 nia
2125 4857 2456 4923 conciliant,
2486 4854 2793 4915 dicendum
2831 4861 2934 4923 est,
2964 4855 3115 4929 quod
3154 4857 3220 4915 iu
3244 4859 3354 4928 eis,

1985 4956 2109 5014 quae
2137 4938 2302 4998 nobis
2324 4937 2694 5013 objiciuntur,
2720 4943 2947 4996 tantum
2969 4939 3353 5014 significatur,

1985 5020 2425 5080 conversionem
2456 5024 2714 5078 nostram
2750 5019 2822 5076 ad
2848 5022 3030 5078 Deum
3056 5037 3179 5079 esse
3217 5039 3358 5102 cau-

1984 5119 2110 5159 sam
2139 5100 2502 5159 materialem
2529 5100 2929 5175 dispositivam
2970 5100 3042 5158 ad
3067 5110 3360 5162 connatu-

3166 5185 3357 5244 talem
