3647 5753
1429 422 1606 480 DISP.
1650 423 1749 489 vt,
1793 422 1961 479 DUB.
2005 424 2050 479 Ι.
3020 418 3126 475 791

274 621 412 662 autem
430 614 652 660 Dominum
684 624 765 657 nou
786 613 1021 657 minuentur
1047 609 1157 655 omni
1176 610 1302 654 bono,
1321 609 1375 651 Et
1388 604 1494 649 alibi
1514 622 1525 648 t
1545 603 1639 646 Nou

276 672 365 718 vidi
381 673 539 726 justum
563 671 823 721 derelictum.
841 675 923 714 cte.
949 669 1101 713 Psalrn.
1120 670 1185 710 ³6.

326 731 369 775 Si
390 735 527 774 autem
540 728 857 772 considerentur
871 727 1104 780 hujusmodi
1120 723 1360 777 temporalia
1373 721 1480 764 bona
1496 726 1640 762 secun·

276 787 375 831 dum
386 796 448 836 se,
458 787 521 830 sic
533 796 614 828 nou
629 791 723 829 sunt
736 786 814 828 sim
845 783 984 829 liciter
1000 784 1107 827 bona
1122 776 1401 842 hominis3sed
1412 774 1638 820 secundum

276 842 404 896 quid,·
429 840 547 884 etita
580 850 661 884 non
688 840 809 893 simpl
830 842 935 884 citer
952 838 1103 882 cadunt
1119 838 1197 882 sub
1226 838 1387 885 merito,
1403 831 1479 877 sed
1494 840 1639 875 secun·

276 900 374 944 dum
393 900 508 953 quid,
530 899 572 942 in
592 903 787 952 quantum
807 897 969 941 scilicet
987 897 1174 941 nomines
1198 898 1414 937 moventur
1433 902 1460 930 a
1478 890 1568 932 Deo
1582 886 1637 930 ad

274 957 415 1011 aliqua
435 956 717 1010 temporaliter
735 956 912 1009 agenda,
925 957 969 998 in
983 954 1132 1007 quibus
1148 963 1262 995 suum
1277 947 1528 1014 propositum
1542 954 1637 989 con·

272 1020 515 1069 sequuntur.
534 1016 625 1058 Deo
640 1014 803 1057 favente
820 1032 830 1057 ε
848 1016 893 1055 ut
911 1013 1021 1056 sicut
1038 1011 1122 1055 vita
1139 1015 1291 1054 aeterna
1309 1010 1375 1051 cst
1390 1002 1638 1056 simpliciter

272 1072 485 1124 praemium
518 1079 687 1122 operum
713 1068 889 1120 justitiae
916 1078 988 1121 per
1005 1066 1245 1110 relationem
1262 1063 1315 1106 ad
1335 1061 1557 1125 motionem
1573 1058 1637 1102 di·

271 1128 410 1173 vinam
440 1128 565 1179 (sicut
589 1138 709 1180 supra
741 1126 895 1169 dictum
922 1128 1006 1176 est)
1037 1126 1094 1169 ita
1124 1119 1368 1186 temporalia
1392 1120 1499 1163 bona
1526 1126 1571 1160 tn
1588 1125 1636 1160 se

269 1184 537 1229 considerata
563 1183 714 1228 liabent
743 1182 945 1226 rationem
973 1181 1190 1231 mercedis.
1213 1177 1353 1221 habitu
1377 1179 1565 1227 respectu
1581 1172 1635 1215 ad

270 1242 495 1287 motionem
527 1241 725 1292 divinam,
745 1251 822 1293 qua
856 1240 1089 1284 voluntates
1116 1237 1323 1281 bominum
1349 1235 1565 1277 moventur
1581 1229 1635 1298 ab

267 1301 355 1345 lucc
380 1299 683 1354 prosequenda.
705 1299 805 1344 licet
836 1298 1045 1343 interdum
1065 1296 1109 1341 in
1126 1295 1192 1339 bis
1209 1305 1291 1339 non
1310 1291 1486 1335 habeant
1503 1290 1635 1333 homi·

265 1367 342 1401 ncs
359 1362 513 1401 rectam
535 1355 823 1399 intentionem.
1450 1403 1460 1413 ⁶

314 1414 379 1458 Ad
399 1416 572 1467 primum
592 1422 694 1466 crgo
711 1411 950 1461 dic-endum.
976 1411 1083 1465 quod
1102 1410 1210 1455 sicut
1225 1409 1397 1472 August.
1418 1404 1524 1471 dicit
1540 1411 1636 1446 con·

263 1478 327 1516 tra
356 1473 553 1515 Faustum
579 1470 653 1514 lib.
673 1472 700 1512 4
723 1489 734 1514 ι
760 1471 810 1512 1n
832 1468 919 1512 illis
945 1467 1241 1522 temporalibus
1255 1473 1472 1528 promissis
1493 1463 1635 1525 figurae

265 1529 433 1572 fuerunt
468 1526 698 1571 futurorum
728 1523 1023 1578 spiritualium.
1054 1535 1145 1578 quae
1173 1522 1396 1575 implentur
1422 1528 1467 1562 tn
1493 1516 1631 1560 nobis.

266 1582 456 1628 carnalis
472 1582 585 1627 enim
606 1581 780 1635 populus
798 1580 1015 1634 promissis
1032 1580 1130 1624 vitae
1151 1577 1369 1634 praesentis
1388 1574 1633 1640 inhaerebat,

264 1647 309 1684 ct
328 1640 493 1684 illorum
513 1648 596 1681 non
614 1643 769 1681 tantum
791 1636 946 1689 lingua,
959 1637 1034 1680 sed
1050 1638 1175 1680 etiam
1186 1635 1270 1678 vita
1285 1632 1521 1694 prophetica
1540 1629 1631 1673 luit.

314 1694 383 1738 Ad
400 1692 626 1739 secundum
645 1691 886 1741 dicendum.
900 1691 1009 1745 quod
1028 1691 1114 1734 illae
1132 1689 1430 1734 retributiones
1440 1686 1634 1751 dicuntur

263 1760 357 1796 esse
386 1750 589 1795 divinitus
619 1750 736 1793 lacta·
763 1748 989 1792 secundum
1007 1747 1356 1800 comparationem
1372 1744 1427 1788 ad
1448 1743 1634 1786 divinam

264 1810 504 1859 motionem.
526 1817 609 1852 non
630 1810 765 1850 antem
782 1804 1008 1850 secundnm
1027 1810 1255 1857 respectum
1272 1803 1327 1847 ad
1346 1802 1543 1845 malitiam
1561 1809 1634 1842 vo·

266 1864 454 1916 luntatis,
488 1863 694 1917 praecipue
718 1867 913 1915 quantum
938 1861 993 1905 ad
1019 1862 1177 1913 Regem
1196 1858 1438 1913 Babylonis,
1460 1856 1633 1911 quinon

267 1918 523 1973 impugnavit
541 1922 707 1973 Tyrum.
740 1920 857 1971 quasi
879 1917 1023 1961 volens
1040 1918 1132 1961 Deo
1147 1915 1323 1966 servire.
1344 1914 1420 1960 sed
1437 1912 1573 1966 potius
1590 1918 1634 1959 ut

262 1975 346 2020 sibi
380 1975 608 2020 dominium
639 1980 868 2026 usurparet.
897 1972 1101 2017 Similiter
1126 1970 1252 2015 etiam
1269 1970 1517 2014 obstetrices
1534 1968 1633 2014 licet

265 2031 485 2077 habuerint
508 2032 656 2075 bonam
676 2030 928 2075 voluntatem
954 2036 1149 2083 quantum
1167 2027 1220 2071 ad
1234 2026 1523 2071 liberationem
1538 2035 1632 2078 pue·

264 2101 418 2142 rorum,
431 2101 512 2133 non
532 2094 669 2133 tamen
689 2088 767 2132 luit
777 2099 920 2133 earum
940 2092 1050 2131 recta
1066 2086 1253 2131 voluntas
1265 2090 1459 2138 quantum
1472 2084 1528 2129 ad
1540 2085 1631 2137 hoc,

263 2148 374 2201 quod
394 2146 652 2191 mendacium
671 2146 971 2190 confinxerunt.

313 2203 378 2247 Ad
394 2202 559 2247 tertium
579 2201 817 2251 dicendum,
832 2202 942 2255 quod
955 2200 1195 2259 temporalia
1211 2198 1315 2244 mala
1331 2198 1572 2253 infliguntur
1587 2198 1631 2242 in

264 2268 425 2311 poenam
443 2258 599 2311 impiis.
619 2258 662 2301 in
681 2262 876 2311 quantum
896 2268 971 2309 per
988 2267 1038 2301 eu
1057 2267 1140 2301 non
1156 2255 1405 2309 adjuvantur
1420 2254 1472 2298 ad
1491 2263 1633 2299 conse·

264 2317 503 2370 quntionem
535 2318 634 2360 vitae
663 2320 846 2360 aeternae.
880 2315 1017 2360 Justis
1040 2320 1177 2360 autem
1205 2316 1275 2367 qui
1295 2323 1368 2367 per
1396 2311 1630 2365 hujusmodi
1654 2318 1663 2329 ·

265 2374 373 2417 mala
408 2374 620 2428 juvantur.
653 2382 733 2415 non
764 2377 860 2416 sunt
885 2382 1033 2426 poenae,
1066 2371 1141 2416 sed
1174 2371 1306 2423 magis
1331 2368 1567 2419 medicinas.
1588 2372 1633 2412 ut

264 2440 387 2483 supra
406 2428 561 2472 dictum
577 2433 654 2473 est.

312 2488 380 2531 Ad
399 2493 587 2541 quartum
610 2485 845 2537 dicendum.
874 2485 983 2538 qnod
1003 2484 1141 2529 omnia
1162 2494 1279 2538 aeque
1294 2483 1493 2529 eveniunt
1510 2482 1632 2526 bonis

262 2550 307 2589 et
325 2544 448 2588 malis
468 2548 659 2597 quantum
677 2542 731 2586 ad
748 2541 877 2595 ipsam
895 2541 1164 2586 substantiam
1182 2541 1400 2592 bonorum,
1418 2539 1486 2584 vel
1505 2539 1632 2582 malo·

264 2612 355 2646 rum
388 2598 691 2654 temporalium,
720 2600 796 2644 scd
816 2608 898 2642 non
930 2605 1123 2653 quantum
1140 2598 1195 2642 ad
1228 2599 1379 2649 finem:
1412 2597 1507 2650 quia
1531 2596 1630 2641 boni

262 2669 337 2714 per
362 2656 598 2711 binusmodi
627 2656 954 2701 manuducuntur
979 2656 1033 2699 ad
1053 2657 1371 2706 beatitudinem,
1392 2665 1475 2699 non
1492 2661 1631 2699 autem

263 2716 375 2760 mali.
394 2716 448 2757 Et
466 2713 519 2757 de
538 2711 765 2757 moralibus
785 2713 828 2757 ln
846 2712 1049 2757 communi
1071 2712 1182 2756 dicta
1199 2713 1416 2757 sufficiant.

334 2826 534 2885 Prima
562 2824 834 2882 conclusio
856 2843 875 2879 .·
895 2822 1287 2896 Temporalia,
1320 2826 1382 2879 ut
1407 2820 1629 2879 eondu-

260 2915 396 2966 cunt
427 2906 495 2965 ad
517 2913 751 2976 aeterna,
777 2906 987 2964 cadunt
1013 2906 1358 2978 simpliciter
1378 2904 1484 2960 sub
1510 2918 1628 2961 me·

262 2990 393 3047 rito.

333 3070 589 3128 Secunda
641 3069 914 3125 conclusio
951 3086 971 3121 .·
1010 3065 1381 3139 Temporalia
1420 3079 1626 3122 secun-

260 3150 401 3208 dum
423 3169 483 3209 se
510 3150 870 3209 considerata
900 3165 1018 3207 non
1044 3147 1257 3204 cadunt
1281 3146 1627 3219 simpliciter

259 3231 369 3287 sub
397 3232 626 3297 merito,
653 3229 750 3286 sed
778 3231 966 3285 solum
993 3226 1309 3285 secundum
1330 3223 1488 3298 quid.

560 3453 1156 3524 DISPUTATIO
1193 3452 1320 3522 VI.

328 3641 433 3705 De
481 3639 592 3703 his
643 3657 799 3721 quae
833 3641 1124 3722 possunt
1153 3634 1407 3701 cadere
1437 3635 1566 3701 sub

786 3744 1065 3808 merito.

342 3914 647 3988 Supposita
675 3914 881 3970 notitia
916 3910 1261 3986 quiddatatis
1301 3909 1496 3967 meriti
1523 3927 1624 3966 su-

269 3996 674 4072 pernaturalis,
707 3999 763 4052 et
784 3994 1202 4067 principiorum
1231 4008 1355 4065 quae
1382 3990 1452 4047 ad
1478 3992 1625 4049 illud

265 4075 723 4137 constituendum
750 4079 1121 4138 concurrunt,
1153 4071 1400 4129 succedit
1421 4077 1481 4128 ut
1501 4072 1622 4128 dis-

262 4174 522 4218 seramus
549 4157 619 4215 de
653 4157 742 4213 his
770 4172 893 4230 quae
940 4160 1173 4230 possunt
1218 4169 1340 4211 esse
1368 4152 1622 4227 praedicti

262 4243 455 4299 meriti
481 4241 805 4315 praemium.
827 4242 894 4295 Et
914 4240 1049 4314 quia
1069 4256 1139 4296 ex
1162 4239 1435 4296 hactenus
1457 4237 1623 4295 dictis

259 4323 399 4380 satis
436 4326 673 4387 constat,
718 4325 996 4378 aeternam
1037 4317 1451 4376 beatitudinem
1501 4334 1622 4377 esse

263 4405 566 4476 praemium
616 4404 717 4459 tali
759 4404 970 4460 merito
1011 4402 1467 4459 connaturaliter
1493 4417 1622 4458 cor-

263 4485 641 4558 respondens;
676 4483 886 4542 ideirco
914 4484 984 4540 de
1011 4483 1339 4557 hujusmodi
1385 4483 1621 4557 praemio

259 4565 529 4639 deinceps
584 4583 703 4623 non
763 4564 1185 4640 disputabimus
1205 4609 1217 4631 ,
1272 4563 1369 4622 sed
1420 4566 1619 4621 stilum

258 4654 660 4706 convertemus
707 4648 778 4706 ad
829 4649 943 4705 alia
995 4649 1249 4722 praemia,
1297 4647 1366 4705 de
1416 4647 1622 4722 quibus

262 4731 378 4805 agit
405 4734 469 4786 D.
494 4730 698 4786 Thom.
724 4731 793 4786 ab
814 4739 923 4787 ort.
951 4733 985 4785 5
1006 4731 1172 4802 hujus
1192 4736 1372 4805 quaest.
1399 4735 1454 4786 et
1499 4745 1622 4801 quae

261 4812 480 4868 nonita
511 4813 855 4869 naturaliter
882 4811 1107 4868 meritis
1151 4810 1363 4867 nostris
1401 4809 1621 4868 deben-

258 4899 372 4961 tur,
403 4893 763 4967 offeruntque
804 4893 1046 4968 proinde
1084 4893 1442 4953 difficultates
1482 4894 1621 4950 satis

258 4991 479 5052 graves,
514 4993 759 5050 quarum
787 4977 1117 5036 enodationi
1141 4993 1389 5050 praesens
1419 4976 1621 5051 dispu-

260 5058 402 5114 tatio
430 5057 699 5116 deservit.

2262 596 2547 652 DUBIUM
2587 598 2630 651 1.

1776 760 1978 818 Utrum
2002 763 2188 836 primo
2223 764 2413 833 qratia
2451 760 2805 829 sanctificans
2842 760 3011 830 possit
3039 756 3133 811 di-

1843 847 2057 901 vint'tus
2080 846 2270 901 cadere
2289 844 2388 901 sub
2408 846 2600 899 merito
2625 843 2689 899 dc
2715 842 2978 911 condiyno
3003 857 3136 914 ope—

1844 943 1972 983 rum
1989 926 2059 982 ab
2077 944 2143 982 ea
2156 926 2581 999 procedentium.

1843 1086 1918 1141 Ut
1969 1086 2039 1142 ad
2087 1092 2359 1160 punctum
2411 1083 2760 1142 difficultatis
2803 1083 3130 1155 specialiter

1768 1164 2050 1239 agitandas
2071 1168 2279 1241 majori
2306 1165 2672 1239 expeditione
2692 1161 3043 1231 accedamuS,
3070 1168 3131 1220 et

1766 1245 1928 1303 dubii
1977 1248 2178 1305 titulus
2220 1251 2557 1322 explicetur,
2592 1250 2814 1321 oportet
2846 1246 2970 1319 ejus
3010 1250 3130 1304 ter-

1766 1328 1959 1384 minos
2016 1327 2272 1388 breviter
2322 1344 2630 1401 exponere,
2686 1331 2743 1385 et
2787 1327 3035 1384 certiora
3096 1343 3128 1383 a

1765 1408 1966 1465 minus
1993 1410 2164 1467 certis
2190 1409 2564 1485 distinguere.

2390 1572 2423 1640 g
2464 1571 2507 1626 1.

1961 1724 2311 1783 Obseruando
2334 1742 2436 1799 pro
2463 1723 2617 1782 dubii
2642 1723 2926 1779 decisione.

1849 1884 1895 1939 l.
1941 1882 2140 1939 Gratia
2160 1880 2468 1955 dupliciter
2494 1883 2676 1954 potest
2700 1878 2892 1935 vocari
2914 1880 3122 1951 primo,
3165 1892 3308 1937 nutti-

1765 1978 1975 2035 nempe
2002 1964 2089 2020 vel
2117 1966 2392 2035 tempore,
2409 1966 2467 2020 et
2487 1958 2692 2018 ordine
2709 1959 3121 2034 generationis;
3165 1942 3312 2044 32¹5?ae

1764 2045 1858 2102 vel
1911 2044 2275 2118 perfectione,
2331 2049 2388 2101 et
2433 2042 2638 2101 ordine
2689 2040 3008 2116 dignitatis.
3058 2043 3127 2097 Et
3139 2040 3339 2095 acceptio.

1762 2124 1997 2200 quidem
2042 2124 2357 2184 secundum
2425 2126 2677 2198 priorem
2740 2124 3126 2195 acceptionem

1763 2208 2151 2265 communiter
2169 2210 2359 2281 prima
2387 2207 2573 2280 gratia
2598 2210 2682 2261 est
2712 2202 2942 2277 aliquod
2967 2205 3129 2260 auxi·

1765 2286 1915 2343 lium
1944 2289 2181 2355 actuale,
2207 2304 2320 2361 quo
2348 2287 2551 2360 incipit
2578 2287 2752 2343 homo
2800 2284 2869 2341 ad
2911 2283 3129 2358 justifi-

1764 2368 2048 2425 cationem
2095 2367 2323 2441 disponi
2344 2391 2359 2434 ;
2396 2371 2452 2424 et
2488 2364 2806 2423 secundum
2849 2365 3128 2438 posterio-

1764 2465 1890 2527 rem
1909 2448 2428 2506 considerationem
2450 2449 2571 2505 sola
2590 2448 2777 2522 gratia
2793 2446 3123 2511 habitualis„

1762 2536 1821 2588 et
1856 2530 2217 2588 sanctificans
2242 2528 2408 2587 debet
2435 2529 2717 2602 appellari
2754 2530 2960 2602 primo,
2991 2529 3128 2600 quia

1762 2617 1993 2669 caeteras
2013 2612 2227 2686 gratias
2255 2611 2522 2677 actuales,
2548 2610 2668 2666 imo
2694 2615 2750 2666 et
2781 2610 3004 2682 reliqua
3030 2608 3130 2667 do·

1762 2709 1840 2749 na
1860 2691 2176 2749 habitualis
2205 2692 2268 2748 in
2297 2690 2577 2766 dignitate
2603 2690 2915 2757 antecellit,
2944 2694 3008 2745 ut
3033 2692 3130 2746 vi-

1761 2772 1952 2830 dimus
1979 2782 2141 2830 tract.
2175 2775 2258 2841 14,
2286 2774 2431 2846 disp.
2456 2774 2512 2839 4,
2543 2773 2651 2829 dub
2670 2775 2726 2829 7.
2754 2774 2823 2827 Et
2843 2772 2914 2829 de
2936 2772 3129 2846 hujus-

1759 2855 1918 2915 modi
1979 2856 2263 2914 habituali
2325 2856 2513 2932 gratia
2570 2855 2813 2913 dubium
2879 2871 3127 2929 praesens

1758 2938 2084 3011 specialiter
2107 2938 2377 3012 procedit.
2407 2941 2541 3002 Quae
2569 2954 2768 2994 rursus
2791 2941 2970 3009 potest
2995 2953 3127 2993 con-

1757 3019 2003 3078 siderari
2028 3021 2120 3078 vel
2135 3015 2418 3094 quatenus
2440 3020 2629 3092 primo
2651 3017 3002 3084 infunditur,
3031 3020 3125 3075 vel

1758 3107 2041 3175 quatenus
2092 3108 2284 3175 postea
2323 3106 2709 3164 conservatur,
2739 3104 2794 3156 et
2820 3100 2884 3153 in
2925 3097 3125 3154 anIma
3177 3129 3182 3130 ff

1760 3185 2121 3253 perseverat;
2151 3185 2209 3235 et
2244 3177 2349 3234 sub
2397 3179 2578 3252 priori
2630 3179 2853 3235 ratione
2881 3181 3126 3235 antono-

1758 3262 1994 3318 mastice
2015 3264 2205 3334 prima
2257 3266 2512 3326 vocatur,
2543 3260 2679 3332 quia
2706 3265 2764 3316 et
2804 3259 2995 3333 prima
3040 3258 3126 3316 di-

1756 3343 1975 3417 gnitate
2000 3348 2102 3408 est,
2134 3347 2189 3399 et
2218 3342 2409 3414 primo
2435 3340 2750 3398 sanctificat
2777 3341 3080 3399 hominem
3107 3366 3120 3408 3

1759 3421 1913 3479 unde
1955 3423 2037 3479 sic
2081 3427 2302 3495 accepta
2346 3427 2556 3496 spectat
2600 3422 2670 3478 ad
2718 3438 2967 3497 praesens
3013 3422 3127 3480 du-

1758 3503 1942 3561 bium.
1973 3507 2064 3559 An
2087 3509 2278 3561 autem
2301 3509 2363 3560 ut
2388 3505 2740 3573 continuata,
2772 3510 2830 3562 et
2854 3520 3123 3578 perseve-

1759 3600 1898 3641 rans
1943 3585 2132 3642 valeat
2175 3584 2281 3641 sub
2334 3585 2543 3642 merito
2589 3584 2790 3643 cadere
2842 3587 2988 3657 (quae
3036 3590 3123 3643 est

1756 3666 2058 3723 difficultas
2104 3669 2274 3743 longe
2299 3667 2546 3739 diversa)
2586 3668 2744 3724 infra
2777 3667 2904 3724 dub.
2937 3669 2972 3722 5
2999 3665 3120 3724 dis·

1755 3748 2059 3804 cutiemus.

1830 3833 1885 3888 2.
1932 3830 2034 3886 His
2061 3831 2243 3888 variis
2267 3829 2468 3907 gratias
2510 3829 2935 3903 acceptionibus
2979 3847 3119 3904 sup·
3167 3844 3308 3902 Prima

1758 3910 1975 3983 positis,
2027 3917 2090 3968 ut
2127 3913 2371 3969 omnino
2421 3917 2640 3968 certum
2687 3912 3113 3984 praemittimus,
3157 3899 3292 3987 ⁸331}

1754 3993 2004 4067 gratiam
2033 3994 2285 4066 primam
2309 3993 2708 4058 auxiliantem,
2728 3993 2851 4050 sive
2869 3992 3118 4067 gratiam
3150 3992 3316 4086 uffinga-

1754 4091 1880 4147 quae
1906 4081 2137 4132 caeteras
2159 4091 2360 4133 omnes
2395 4075 2614 4150 gratias
2659 4079 2916 4148 tempore
2955 4078 3119 4132 ante—
3144 4091 3208 4134 «ιιι
3227 4091 3305 4136 suh

1753 4158 1930 4223 cellit,
1958 4173 2075 4214 non
2101 4158 2303 4215 cadere
2340 4156 2412 4215 de
2450 4157 2597 4214 facto
2642 4156 2748 4213 sub
2795 4158 3005 4214 merito
3050 4155 3119 4214 de
3148 4141 3317 4243 ffiffiss,

1755 4236 2041 4313 condigno
2085 4253 2326 4311 operum
2366 4253 2490 4311 qum
2535 4239 2746 4311 ipsam“
2769 4236 3114 4311 praecedunt.
3150 4249 3305 4332 1²3oeoe-

1756 4322 1888 4378 Haec
1917 4321 2349 4394 praesuppositio
2392 4326 2478 4378 est
2509 4327 2663 4378 certa
2704 4321 3018 4378 secundum
3046 4320 3119 4408 fi?
3174 4299 3291 4384 ιῑῧὲἷ.

1754 4401 1907 4470 dem,
1933 4404 2166 4478 ejusque
2203 4403 2507 4460 veritatem
2557 4405 2668 4460 late
2713 4409 2910 4460 contra
2957 4406 3118 4463 Pela·

1752 4485 1953 4560 gianos
1980 4483 2334 4542 ostendimus
2364 4493 2524 4542 tract.
2566 4488 2650 4552 14,
2675 4486 2815 4558 disp.
2843 4487 2896 4553 3,
2922 4486 3049 4543 dub.
3080 4488 3115 4542 4

1752 4574 1801 4621 et
1822 4568 1879 4622 5.
1906 4567 1975 4620 Et
2002 4565 2166 4633 ratio,
2195 4571 2257 4621 ut
2279 4565 2422 4622 alias
2451 4565 2802 4635 omittamus,
2829 4572 2913 4624 est
2941 4589 2953 4624 ε
2982 4584 3117 4642 quo-

1753 4646 1915 4703 niam
1945 4647 2220 4703 meritum
2243 4645 2315 4702 de
2332 4645 2617 4721 condigno
2639 4648 2809 4704 habet
2834 4650 3111 4722 aequalem

1753 4730 2011 4785 valorem
2033 4745 2162 4785 cum
2193 4729 2450 4801 praemio,
2485 4730 2625 4787 etin
2669 4731 2870 4789 eodem
2912 4730 3116 4788 ordine

1752 4811 2063 4868 collocatur
2095 4835 2109 4878 ;
2140 4810 2297 4882 atqui
2343 4827 2534 4884 opera,
2587 4827 2710 4884 quae
2756 4827 3009 4879 omnem,
3060 4816 3118 4869 et

1754 4893 2007 4966 primam
2048 4892 2295 4968 gratiam
2347 4895 2848 4966 supernaturalem
2901 4909 3114 4968 praece-

1751 4975 1914 5044 dunt,
1939 4992 2058 5032 non
2086 4975 2383 5048 adaequant
2412 4978 2668 5035 valorem
2695 4984 3114 5050 supernatura-

1752 5059 1827 5116 lis
1852 5059 2072 5134 gratias,
2097 5075 2279 5132 neque
2306 5058 2376 5116 ad
2403 5059 2657 5117 eundum
2681 5059 2947 5117 ordinem
2976 5073 3112 5132 per-
