<?xml version="1.0" encoding="UTF-8"?>
<!DOCTYPE html PUBLIC "-//W3C//DTD XHTML 1.0 Transitional//EN"
    "http://www.w3.org/TR/xhtml1/DTD/xhtml1-transitional.dtd">
<html xmlns="http://www.w3.org/1999/xhtml" xml:lang="en" lang="en">
 <head>
  <title>
</title>
<meta http-equiv="Content-Type" content="text/html;charset=utf-8" />
  <meta name='ocr-system' content='tesseract 3.04.00' />
  <meta name='ocr-capabilities' content='ocr_page ocr_carea ocr_par ocr_line ocrx_word'/>
</head>
<body>
  <div class='ocr_page' id='page_1' title='image "./collegiisalmant00carmgoog_0691.png"; bbox 0 0 3647 5753; ppageno 0'>
   <div class='ocr_carea' id='block_1_1' title="bbox 1348 435 3121 513">
    <p class='ocr_par' dir='ltr' id='par_1_1' title="bbox 1348 435 3121 513">
     <span class='ocr_line' id='line_1_1' title="bbox 1348 435 3121 513; baseline 0.001 -24"><span class='ocrx_word' id='word_1_1' title='bbox 1348 497 1352 502; x_wconf 51' lang='grc'>,</span> <span class='ocrx_word' id='word_1_2' title='bbox 1438 435 1613 491; x_wconf 67' lang='lat' dir='ltr'>mse.</span> <span class='ocrx_word' id='word_1_3' title='bbox 1659 435 1703 503; x_wconf 91' lang='lat'>1,</span> <span class='ocrx_word' id='word_1_4' title='bbox 1746 436 1915 493; x_wconf 87' lang='lat' dir='ltr'><strong>DUB.</strong></span> <span class='ocrx_word' id='word_1_5' title='bbox 1959 437 2001 493; x_wconf 93' lang='lat'>1.</span> <span class='ocrx_word' id='word_1_6' title='bbox 2974 435 3121 513; x_wconf 38' lang='lat'>‚669</span> 
     </span>
    </p>
   </div>
   <div class='ocr_carea' id='block_1_2' title="bbox 250 606 1621 843">
    <p class='ocr_par' dir='ltr' id='par_1_2' title="bbox 250 606 1621 843">
     <span class='ocr_line' id='line_1_2' title="bbox 254 606 1617 682; baseline 0.001 -20"><span class='ocrx_word' id='word_1_7' title='bbox 254 606 359 673; x_wconf 86' lang='lat' dir='ltr'>dit,</span> <span class='ocrx_word' id='word_1_8' title='bbox 388 612 448 662; x_wconf 89' lang='lat' dir='ltr'>ut</span> <span class='ocrx_word' id='word_1_9' title='bbox 473 622 546 663; x_wconf 86' lang='lat' dir='ltr'>ex</span> <span class='ocrx_word' id='word_1_10' title='bbox 593 623 654 664; x_wconf 89' lang='lat' dir='ltr'>se</span> <span class='ocrx_word' id='word_1_11' title='bbox 696 613 936 665; x_wconf 90' lang='lat' dir='ltr'>constat.</span> <span class='ocrx_word' id='word_1_12' title='bbox 979 610 1092 667; x_wconf 86' lang='lat' dir='ltr'>Pro</span> <span class='ocrx_word' id='word_1_13' title='bbox 1125 624 1238 682; x_wconf 92' lang='lat' dir='ltr'>quo</span> <span class='ocrx_word' id='word_1_14' title='bbox 1280 614 1435 674; x_wconf 86' lang='lat' dir='ltr'>nota,</span> <span class='ocrx_word' id='word_1_15' title='bbox 1467 606 1617 680; x_wconf 89' lang='lat' dir='ltr'>quod</span> 
     </span>
     <span class='ocr_line' id='line_1_3' title="bbox 252 687 1620 762; baseline -0.001 -17"><span class='ocrx_word' id='word_1_16' title='bbox 252 687 492 745; x_wconf 85' lang='lat' dir='ltr'>omissio</span> <span class='ocrx_word' id='word_1_17' title='bbox 517 687 701 760; x_wconf 89' lang='lat' dir='ltr'>quoad</span> <span class='ocrx_word' id='word_1_18' title='bbox 732 705 979 761; x_wconf 80' lang='lat' dir='ltr'>praesens</span> <span class='ocrx_word' id='word_1_19' title='bbox 1005 695 1090 745; x_wconf 86' lang='lat' dir='ltr'>est</span> <span class='ocrx_word' id='word_1_20' title='bbox 1118 688 1350 762; x_wconf 82' lang='lat' dir='ltr'>duplex,</span> <span class='ocrx_word' id='word_1_21' title='bbox 1378 689 1496 744; x_wconf 92' lang='lat' dir='ltr'>alia</span> <span class='ocrx_word' id='word_1_22' title='bbox 1535 692 1620 744; x_wconf 87' lang='lat' dir='ltr'>est</span> 
     </span>
     <span class='ocr_line' id='line_1_4' title="bbox 250 768 1621 843; baseline 0.001 -18"><span class='ocrx_word' id='word_1_23' title='bbox 250 768 492 826; x_wconf 88' lang='lat' dir='ltr'>omissio</span> <span class='ocrx_word' id='word_1_24' title='bbox 512 775 666 826; x_wconf 86' lang='lat' dir='ltr'>actus</span> <span class='ocrx_word' id='word_1_25' title='bbox 692 770 851 836; x_wconf 88' lang='lat' dir='ltr'>boni,</span> <span class='ocrx_word' id='word_1_26' title='bbox 882 777 943 827; x_wconf 91' lang='lat' dir='ltr'>ut</span> <span class='ocrx_word' id='word_1_27' title='bbox 964 769 1104 826; x_wconf 93' lang='lat' dir='ltr'>dum</span> <span class='ocrx_word' id='word_1_28' title='bbox 1127 771 1255 843; x_wconf 84' lang='lat' dir='ltr'>quis</span> <span class='ocrx_word' id='word_1_29' title='bbox 1283 771 1499 828; x_wconf 90' lang='lat' dir='ltr'>omittit</span> <span class='ocrx_word' id='word_1_30' title='bbox 1523 785 1621 826; x_wconf 91' lang='lat' dir='ltr'>au-</span> 
     </span>
    </p>
   </div>
   <div class='ocr_carea' id='block_1_3' title="bbox 256 850 1655 919">
    <p class='ocr_par' dir='ltr' id='par_1_3' title="bbox 256 850 1655 919">
     <span class='ocr_line' id='line_1_5' title="bbox 256 850 1655 919; baseline 0.001 -12"><span class='ocrx_word' id='word_1_31' title='bbox 256 850 384 908; x_wconf 89' lang='lat' dir='ltr'>dire</span> <span class='ocrx_word' id='word_1_32' title='bbox 409 867 666 919; x_wconf 88' lang='lat' dir='ltr'>sacrum;</span> <span class='ocrx_word' id='word_1_33' title='bbox 697 861 752 910; x_wconf 88' lang='lat' dir='ltr'>et</span> <span class='ocrx_word' id='word_1_34' title='bbox 781 854 929 910; x_wconf 85' lang='lat' dir='ltr'>hanc</span> <span class='ocrx_word' id='word_1_35' title='bbox 959 859 1177 910; x_wconf 87' lang='lat' dir='ltr'>certum</span> <span class='ocrx_word' id='word_1_36' title='bbox 1217 859 1300 909; x_wconf 88' lang='lat' dir='ltr'>est</span> <span class='ocrx_word' id='word_1_37' title='bbox 1348 870 1465 911; x_wconf 91' lang='lat' dir='ltr'>non</span> <span class='ocrx_word' id='word_1_38' title='bbox 1499 868 1621 910; x_wconf 88' lang='lat' dir='ltr'>esse</span> <span class='ocrx_word' id='word_1_39' title='bbox 1652 889 1655 892; x_wconf 95' lang='lat'>-</span> 
     </span>
    </p>
   </div>
   <div class='ocr_carea' id='block_1_4' title="bbox 252 931 1622 1334">
    <p class='ocr_par' dir='ltr' id='par_1_4' title="bbox 252 931 1622 1334">
     <span class='ocr_line' id='line_1_6' title="bbox 252 931 1622 1008; baseline 0.001 -21"><span class='ocrx_word' id='word_1_40' title='bbox 252 931 571 988; x_wconf 84' lang='lat' dir='ltr'>secundum</span> <span class='ocrx_word' id='word_1_41' title='bbox 592 949 654 990; x_wconf 88' lang='lat' dir='ltr'>se</span> <span class='ocrx_word' id='word_1_42' title='bbox 680 935 1066 999; x_wconf 90' lang='lat' dir='ltr'>meritoriam,</span> <span class='ocrx_word' id='word_1_43' title='bbox 1092 935 1359 1008; x_wconf 87' lang='lat' dir='ltr'>quinimo</span> <span class='ocrx_word' id='word_1_44' title='bbox 1384 935 1434 990; x_wconf 89' lang='lat' dir='ltr'>si</span> <span class='ocrx_word' id='word_1_45' title='bbox 1465 939 1622 991; x_wconf 90' lang='lat' dir='ltr'>actus</span> 
     </span>
     <span class='ocr_line' id='line_1_7' title="bbox 255 1013 1622 1086; baseline 0.001 -18"><span class='ocrx_word' id='word_1_46' title='bbox 255 1013 355 1086; x_wconf 89' lang='lat' dir='ltr'>qui</span> <span class='ocrx_word' id='word_1_47' title='bbox 396 1014 705 1082; x_wconf 89' lang='lat' dir='ltr'>omittitur,</span> <span class='ocrx_word' id='word_1_48' title='bbox 737 1015 913 1072; x_wconf 79' lang='lat' dir='ltr'>fuerit</span> <span class='ocrx_word' id='word_1_49' title='bbox 948 1015 1199 1082; x_wconf 87' lang='lat' dir='ltr'>debitus,</span> <span class='ocrx_word' id='word_1_50' title='bbox 1247 1017 1484 1074; x_wconf 88' lang='lat' dir='ltr'>omissio</span> <span class='ocrx_word' id='word_1_51' title='bbox 1538 1019 1622 1072; x_wconf 86' lang='lat' dir='ltr'>est</span> 
     </span>
     <span class='ocr_line' id='line_1_8' title="bbox 258 1094 1622 1160; baseline 0.002 -11"><span class='ocrx_word' id='word_1_52' title='bbox 258 1094 433 1160; x_wconf 88' lang='lat' dir='ltr'>mala,</span> <span class='ocrx_word' id='word_1_53' title='bbox 464 1101 520 1151; x_wconf 92' lang='lat' dir='ltr'>et</span> <span class='ocrx_word' id='word_1_54' title='bbox 547 1094 943 1151; x_wconf 89' lang='lat' dir='ltr'>demeritoria.</span> <span class='ocrx_word' id='word_1_55' title='bbox 979 1095 1110 1152; x_wconf 88' lang='lat' dir='ltr'>Alia</span> <span class='ocrx_word' id='word_1_56' title='bbox 1136 1102 1220 1153; x_wconf 88' lang='lat' dir='ltr'>est</span> <span class='ocrx_word' id='word_1_57' title='bbox 1264 1097 1503 1154; x_wconf 86' lang='lat' dir='ltr'>omissio</span> <span class='ocrx_word' id='word_1_58' title='bbox 1525 1112 1622 1152; x_wconf 87' lang='lat' dir='ltr'>ac-</span> 
     </span>
     <span class='ocr_line' id='line_1_9' title="bbox 257 1175 1619 1250; baseline 0.001 -21"><span class='ocrx_word' id='word_1_59' title='bbox 257 1179 350 1228; x_wconf 86' lang='lat' dir='ltr'>tus</span> <span class='ocrx_word' id='word_1_60' title='bbox 370 1175 531 1241; x_wconf 87' lang='lat' dir='ltr'>mali,</span> <span class='ocrx_word' id='word_1_61' title='bbox 551 1175 688 1231; x_wconf 90' lang='lat' dir='ltr'>dum</span> <span class='ocrx_word' id='word_1_62' title='bbox 711 1175 840 1249; x_wconf 91' lang='lat' dir='ltr'>quis</span> <span class='ocrx_word' id='word_1_63' title='bbox 862 1176 1046 1232; x_wconf 81' lang='lat' dir='ltr'>furari</span> <span class='ocrx_word' id='word_1_64' title='bbox 1069 1177 1300 1246; x_wconf 90' lang='lat' dir='ltr'>omittit,</span> <span class='ocrx_word' id='word_1_65' title='bbox 1323 1194 1425 1250; x_wconf 92' lang='lat' dir='ltr'>per</span> <span class='ocrx_word' id='word_1_66' title='bbox 1445 1192 1619 1250; x_wconf 91' lang='lat' dir='ltr'>quam</span> 
     </span>
     <span class='ocr_line' id='line_1_10' title="bbox 260 1256 1622 1334; baseline 0 -20"><span class='ocrx_word' id='word_1_67' title='bbox 260 1256 540 1331; x_wconf 80' lang='lat' dir='ltr'>adimplet</span> <span class='ocrx_word' id='word_1_68' title='bbox 578 1264 920 1333; x_wconf 82' lang='lat' dir='ltr'>praeceptum</span> <span class='ocrx_word' id='word_1_69' title='bbox 975 1260 1307 1334; x_wconf 84' lang='lat' dir='ltr'>negativum</span> <span class='ocrx_word' id='word_1_70' title='bbox 1356 1275 1474 1318; x_wconf 92' lang='lat' dir='ltr'>non</span> <span class='ocrx_word' id='word_1_71' title='bbox 1526 1259 1622 1315; x_wconf 76' lang='lat' dir='ltr'>fu-</span> 
     </span>
    </p>
   </div>
   <div class='ocr_carea' id='block_1_5' title="bbox 261 1336 1627 1407">
    <p class='ocr_par' dir='ltr' id='par_1_5' title="bbox 261 1336 1627 1407">
     <span class='ocr_line' id='line_1_11' title="bbox 261 1336 1627 1407; baseline 0.001 -13"><span class='ocrx_word' id='word_1_72' title='bbox 261 1336 431 1394; x_wconf 85' lang='lat' dir='ltr'>randi</span> <span class='ocrx_word' id='word_1_73' title='bbox 466 1360 479 1394; x_wconf 89' lang='lat'>:</span> <span class='ocrx_word' id='word_1_74' title='bbox 508 1344 564 1395; x_wconf 88' lang='lat' dir='ltr'>et</span> <span class='ocrx_word' id='word_1_75' title='bbox 602 1338 672 1396; x_wconf 89' lang='lat' dir='ltr'>de</span> <span class='ocrx_word' id='word_1_76' title='bbox 700 1341 804 1397; x_wconf 89' lang='lat' dir='ltr'>hac</span> <span class='ocrx_word' id='word_1_77' title='bbox 829 1339 1138 1397; x_wconf 90' lang='lat' dir='ltr'>omissione</span> <span class='ocrx_word' id='word_1_78' title='bbox 1183 1347 1268 1397; x_wconf 87' lang='lat' dir='ltr'>est</span> <span class='ocrx_word' id='word_1_79' title='bbox 1294 1340 1627 1407; x_wconf 86' lang='lat' dir='ltr'>difficultas,·</span> 
     </span>
    </p>
   </div>
   <div class='ocr_carea' id='block_1_6' title="bbox 256 1419 1622 1576">
    <p class='ocr_par' dir='ltr' id='par_1_6' title="bbox 256 1419 1622 1576">
     <span class='ocr_line' id='line_1_12' title="bbox 260 1419 1622 1494; baseline 0.003 -20"><span class='ocrx_word' id='word_1_80' title='bbox 260 1423 457 1475; x_wconf 89' lang='lat' dir='ltr'>utrum</span> <span class='ocrx_word' id='word_1_81' title='bbox 480 1419 544 1474; x_wconf 90' lang='lat' dir='ltr'>in</span> <span class='ocrx_word' id='word_1_82' title='bbox 567 1420 670 1476; x_wconf 91' lang='lat' dir='ltr'>illa</span> <span class='ocrx_word' id='word_1_83' title='bbox 688 1421 1001 1478; x_wconf 88' lang='lat' dir='ltr'>secundum</span> <span class='ocrx_word' id='word_1_84' title='bbox 1015 1437 1076 1477; x_wconf 91' lang='lat' dir='ltr'>se</span> <span class='ocrx_word' id='word_1_85' title='bbox 1101 1420 1460 1479; x_wconf 87' lang='lat' dir='ltr'>considerata</span> <span class='ocrx_word' id='word_1_86' title='bbox 1488 1439 1622 1494; x_wconf 89' lang='lat' dir='ltr'>pos—</span> 
     </span>
     <span class='ocr_line' id='line_1_13' title="bbox 256 1500 1620 1576; baseline 0.003 -21"><span class='ocrx_word' id='word_1_87' title='bbox 256 1500 334 1555; x_wconf 87' lang='lat' dir='ltr'>sit</span> <span class='ocrx_word' id='word_1_88' title='bbox 379 1500 541 1556; x_wconf 86' lang='lat' dir='ltr'>valor</span> <span class='ocrx_word' id='word_1_89' title='bbox 587 1500 797 1573; x_wconf 87' lang='lat' dir='ltr'>aliquis</span> <span class='ocrx_word' id='word_1_90' title='bbox 840 1503 1154 1560; x_wconf 80' lang='lat' dir='ltr'>intrinsece</span> <span class='ocrx_word' id='word_1_91' title='bbox 1203 1503 1469 1576; x_wconf 90' lang='lat' dir='ltr'>reperiri,</span> <span class='ocrx_word' id='word_1_92' title='bbox 1521 1503 1620 1576; x_wconf 91' lang='lat' dir='ltr'>qui</span> 
     </span>
    </p>
   </div>
   <div class='ocr_carea' id='block_1_7' title="bbox 257 1578 1649 1662">
    <p class='ocr_par' dir='ltr' id='par_1_7' title="bbox 257 1578 1649 1662">
     <span class='ocr_line' id='line_1_14' title="bbox 257 1578 1649 1662; baseline 0.003 -27"><span class='ocrx_word' id='word_1_93' title='bbox 257 1579 496 1636; x_wconf 84' lang='lat' dir='ltr'>sufficiat</span> <span class='ocrx_word' id='word_1_94' title='bbox 524 1578 595 1635; x_wconf 86' lang='lat' dir='ltr'>ad</span> <span class='ocrx_word' id='word_1_95' title='bbox 638 1583 930 1662; x_wconf 27' lang='lat' dir='ltr'>rationem·</span> <span class='ocrx_word' id='word_1_96' title='bbox 972 1584 1216 1641; x_wconf 81' lang='lat' dir='ltr'>meriti?</span> <span class='ocrx_word' id='word_1_97' title='bbox 1243 1586 1314 1639; x_wconf 87' lang='lat' dir='ltr'>Et</span> <span class='ocrx_word' id='word_1_98' title='bbox 1363 1583 1649 1640; x_wconf 83' lang='lat' dir='ltr'>diximus·</span> 
     </span>
    </p>
   </div>
   <div class='ocr_carea' id='block_1_8' title="bbox 257 1661 1623 1982">
    <p class='ocr_par' dir='ltr' id='par_1_8' title="bbox 257 1661 1623 1982">
     <span class='ocr_line' id='line_1_15' title="bbox 257 1661 1623 1733; baseline 0.005 -18"><span class='ocrx_word' id='word_1_99' title='bbox 257 1663 321 1716; x_wconf 74' lang='lat' dir='ltr'>in</span> <span class='ocrx_word' id='word_1_100' title='bbox 344 1661 442 1717; x_wconf 74' lang='lat' dir='ltr'>illa</span> <span class='ocrx_word' id='word_1_101' title='bbox 462 1664 757 1719; x_wconf 79' lang='lat' dir='ltr'>secundum</span> <span class='ocrx_word' id='word_1_102' title='bbox 778 1683 833 1719; x_wconf 82' lang='lat' dir='ltr'>se</span> <span class='ocrx_word' id='word_1_103' title='bbox 854 1666 1217 1731; x_wconf 78' lang='lat' dir='ltr'>considerata,</span> <span class='ocrx_word' id='word_1_104' title='bbox 1241 1673 1293 1721; x_wconf 83' lang='lat' dir='ltr'>et</span> <span class='ocrx_word' id='word_1_105' title='bbox 1313 1667 1623 1733; x_wconf 79' lang='lat' dir='ltr'>intrinsece;</span> 
     </span>
     <span class='ocr_line' id='line_1_16' title="bbox 258 1742 1622 1818; baseline 0.004 -21"><span class='ocrx_word' id='word_1_106' title='bbox 258 1742 393 1813; x_wconf 89' lang='lat' dir='ltr'>quia</span> <span class='ocrx_word' id='word_1_107' title='bbox 419 1742 756 1809; x_wconf 85' lang='lat' dir='ltr'>extrinsece,</span> <span class='ocrx_word' id='word_1_108' title='bbox 788 1745 1025 1818; x_wconf 88' lang='lat' dir='ltr'>etquasi</span> <span class='ocrx_word' id='word_1_109' title='bbox 1075 1763 1176 1818; x_wconf 91' lang='lat' dir='ltr'>per</span> <span class='ocrx_word' id='word_1_110' title='bbox 1205 1746 1481 1812; x_wconf 91' lang='lat' dir='ltr'>accidens,</span> <span class='ocrx_word' id='word_1_111' title='bbox 1513 1745 1622 1802; x_wconf 87' lang='lat' dir='ltr'>du-</span> 
     </span>
     <span class='ocr_line' id='line_1_17' title="bbox 260 1821 1623 1901; baseline 0.005 -23"><span class='ocrx_word' id='word_1_112' title='bbox 260 1821 419 1878; x_wconf 89' lang='lat' dir='ltr'>bium</span> <span class='ocrx_word' id='word_1_113' title='bbox 449 1840 566 1879; x_wconf 90' lang='lat' dir='ltr'>non</span> <span class='ocrx_word' id='word_1_114' title='bbox 594 1831 694 1890; x_wconf 90' lang='lat' dir='ltr'>est,</span> <span class='ocrx_word' id='word_1_115' title='bbox 727 1825 870 1897; x_wconf 88' lang='lat' dir='ltr'>quin</span> <span class='ocrx_word' id='word_1_116' title='bbox 894 1825 1263 1883; x_wconf 88' lang='lat' dir='ltr'>denominari</span> <span class='ocrx_word' id='word_1_117' title='bbox 1289 1830 1465 1901; x_wconf 85' lang='lat' dir='ltr'>possit</span> <span class='ocrx_word' id='word_1_118' title='bbox 1492 1844 1623 1885; x_wconf 90' lang='lat' dir='ltr'>me-</span> 
     </span>
     <span class='ocr_line' id='line_1_18' title="bbox 260 1903 1616 1982; baseline 0.003 -22"><span class='ocrx_word' id='word_1_119' title='bbox 260 1903 466 1961; x_wconf 87' lang='lat' dir='ltr'>ritoria</span> <span class='ocrx_word' id='word_1_120' title='bbox 488 1921 588 1977; x_wconf 91' lang='lat' dir='ltr'>per</span> <span class='ocrx_word' id='word_1_121' title='bbox 603 1908 858 1963; x_wconf 88' lang='lat' dir='ltr'>valorem</span> <span class='ocrx_word' id='word_1_122' title='bbox 877 1907 1116 1982; x_wconf 88' lang='lat' dir='ltr'>alicujus</span> <span class='ocrx_word' id='word_1_123' title='bbox 1139 1915 1293 1966; x_wconf 89' lang='lat' dir='ltr'>actus</span> <span class='ocrx_word' id='word_1_124' title='bbox 1310 1909 1616 1976; x_wconf 90' lang='lat' dir='ltr'>meritorii,</span> 
     </span>
    </p>
   </div>
   <div class='ocr_carea' id='block_1_9' title="bbox 259 1986 1623 2127">
    <p class='ocr_par' dir='ltr' id='par_1_9' title="bbox 259 1986 1623 2127">
     <span class='ocr_line' id='line_1_19' title="bbox 259 1986 1623 2062; baseline 0.004 -19"><span class='ocrx_word' id='word_1_125' title='bbox 259 1986 411 2044; x_wconf 90' lang='lat' dir='ltr'>unde</span> <span class='ocrx_word' id='word_1_126' title='bbox 436 1987 540 2044; x_wconf 90' lang='lat' dir='ltr'>illa</span> <span class='ocrx_word' id='word_1_127' title='bbox 567 1987 788 2057; x_wconf 82' lang='lat' dir='ltr'>habeat,</span> <span class='ocrx_word' id='word_1_128' title='bbox 821 1990 970 2062; x_wconf 89' lang='lat' dir='ltr'>quod</span> <span class='ocrx_word' id='word_1_129' title='bbox 1018 1992 1092 2048; x_wconf 88' lang='lat' dir='ltr'>sit</span> <span class='ocrx_word' id='word_1_130' title='bbox 1131 1993 1194 2048; x_wconf 93' lang='lat' dir='ltr'>in</span> <span class='ocrx_word' id='word_1_131' title='bbox 1223 1997 1349 2049; x_wconf 87' lang='lat' dir='ltr'>actu</span> <span class='ocrx_word' id='word_1_132' title='bbox 1375 1991 1623 2049; x_wconf 90' lang='lat' dir='ltr'>secundo</span> 
     </span>
     <span class='ocr_line' id='line_1_20' title="bbox 259 2071 611 2127; baseline 0.003 -1"><span class='ocrx_word' id='word_1_133' title='bbox 259 2071 611 2127; x_wconf 86' lang='lat' dir='ltr'>voluntaria.</span> 
     </span>
    </p>
   </div>
   <div class='ocr_carea' id='block_1_10' title="bbox 262 2256 1621 2480">
    <p class='ocr_par' dir='ltr' id='par_1_10' title="bbox 262 2256 1621 2480">
     <span class='ocr_line' id='line_1_21' title="bbox 885 2256 1002 2323; baseline 0 -13"><span class='ocrx_word' id='word_1_134' title='bbox 885 2257 916 2323; x_wconf 64' lang='grc' dir='ltr'>ἓ</span> <span class='ocrx_word' id='word_1_135' title='bbox 959 2256 1002 2310; x_wconf 94' lang='lat'>1.</span> 
     </span>
     <span class='ocr_line' id='line_1_22' title="bbox 262 2405 1621 2480; baseline 0.004 -19"><span class='ocrx_word' id='word_1_136' title='bbox 262 2405 477 2463; x_wconf 69' lang='lat' dir='ltr'>Decist‘o</span> <span class='ocrx_word' id='word_1_137' title='bbox 497 2407 652 2464; x_wconf 64' lang='lat' dir='ltr'><strong><em>dubia·</em></strong></span> <span class='ocrx_word' id='word_1_138' title='bbox 676 2411 850 2480; x_wconf 71' lang='lat' dir='ltr'>juxta</span> <span class='ocrx_word' id='word_1_139' title='bbox 876 2410 1187 2465; x_wconf 81' lang='lat' dir='ltr'>doctrinam</span> <span class='ocrx_word' id='word_1_140' title='bbox 1220 2408 1355 2466; x_wconf 71' lang='lat' dir='ltr'><strong><em>Divi</em></strong></span> <span class='ocrx_word' id='word_1_141' title='bbox 1390 2407 1621 2466; x_wconf 66' lang='lat' dir='ltr'>Thomas.</span> 
     </span>
    </p>
   </div>
   <div class='ocr_carea' id='block_1_11' title="bbox 0 2541 228 2617">
    <p class='ocr_par' dir='ltr' id='par_1_11' title="bbox 0 2541 228 2617">
     <span class='ocr_line' id='line_1_23' title="bbox 0 2541 228 2617; baseline 0.004 -1"><span class='ocrx_word' id='word_1_142' title='bbox 0 2541 1 2544; x_wconf 8' lang='grc' dir='ltr'><strong>Ἴ</strong></span> <span class='ocrx_word' id='word_1_143' title='bbox 34 2571 228 2617; x_wconf 82' lang='lat' dir='ltr'>conclu·</span> 
     </span>
    </p>
   </div>
   <div class='ocr_carea' id='block_1_12' title="bbox 95 2562 1625 2667">
    <p class='ocr_par' dir='ltr' id='par_1_12' title="bbox 95 2562 1625 2667">
     <span class='ocr_line' id='line_1_24' title="bbox 95 2562 1625 2667; baseline 0.003 -50"><span class='ocrx_word' id='word_1_144' title='bbox 95 2620 176 2667; x_wconf 44' lang='grc' dir='ltr'><strong>δίο.</strong></span> <span class='ocrx_word' id='word_1_145' title='bbox 348 2564 391 2618; x_wconf 91' lang='lat'>1.</span> <span class='ocrx_word' id='word_1_146' title='bbox 438 2562 750 2619; x_wconf 83' lang='lat' dir='ltr'>Dicendum</span> <span class='ocrx_word' id='word_1_147' title='bbox 780 2580 914 2637; x_wconf 86' lang='lat' dir='ltr'>ergo</span> <span class='ocrx_word' id='word_1_148' title='bbox 939 2569 1043 2630; x_wconf 89' lang='lat' dir='ltr'>est,</span> <span class='ocrx_word' id='word_1_149' title='bbox 1078 2564 1460 2621; x_wconf 87' lang='lat' dir='ltr'>necessariam</span> <span class='ocrx_word' id='word_1_150' title='bbox 1503 2580 1625 2622; x_wconf 87' lang='lat' dir='ltr'>esse</span> 
     </span>
    </p>
   </div>
   <div class='ocr_carea' id='block_1_13' title="bbox 42 2642 1632 4098">
    <p class='ocr_par' dir='ltr' id='par_1_13' title="bbox 42 2642 1632 4098">
     <span class='ocr_line' id='line_1_25' title="bbox 264 2642 1626 2718; baseline 0.001 -19"><span class='ocrx_word' id='word_1_151' title='bbox 264 2642 334 2699; x_wconf 87' lang='lat' dir='ltr'>ad</span> <span class='ocrx_word' id='word_1_152' title='bbox 358 2643 630 2699; x_wconf 90' lang='lat' dir='ltr'>meritum</span> <span class='ocrx_word' id='word_1_153' title='bbox 661 2645 1053 2717; x_wconf 86' lang='lat' dir='ltr'>operationem</span> <span class='ocrx_word' id='word_1_154' title='bbox 1083 2644 1387 2718; x_wconf 83' lang='lat' dir='ltr'>positivam</span> <span class='ocrx_word' id='word_1_155' title='bbox 1409 2669 1425 2713; x_wconf 88' lang='lat'>;</span> <span class='ocrx_word' id='word_1_156' title='bbox 1454 2645 1626 2702; x_wconf 89' lang='lat' dir='ltr'>omis-</span> 
     </span>
     <span class='ocr_line' id='line_1_26' title="bbox 260 2726 1622 2801; baseline 0.001 -19"><span class='ocrx_word' id='word_1_157' title='bbox 260 2727 483 2783; x_wconf 87' lang='lat' dir='ltr'>sionem</span> <span class='ocrx_word' id='word_1_158' title='bbox 507 2742 642 2783; x_wconf 83' lang='lat' dir='ltr'>vero</span> <span class='ocrx_word' id='word_1_159' title='bbox 664 2734 816 2783; x_wconf 87' lang='lat' dir='ltr'>actus</span> <span class='ocrx_word' id='word_1_160' title='bbox 839 2728 980 2784; x_wconf 91' lang='lat' dir='ltr'>mali</span> <span class='ocrx_word' id='word_1_161' title='bbox 996 2733 1290 2801; x_wconf 84' lang='lat' dir='ltr'>sumptam</span> <span class='ocrx_word' id='word_1_162' title='bbox 1306 2726 1622 2784; x_wconf 87' lang='lat' dir='ltr'>secundum</span> 
     </span>
     <span class='ocr_line' id='line_1_27' title="bbox 261 2803 1624 2883; baseline 0.001 -20"><span class='ocrx_word' id='word_1_163' title='bbox 261 2823 341 2873; x_wconf 89' lang='lat' dir='ltr'>se,</span> <span class='ocrx_word' id='word_1_164' title='bbox 368 2811 464 2862; x_wconf 88' lang='lat' dir='ltr'>aut</span> <span class='ocrx_word' id='word_1_165' title='bbox 490 2806 819 2875; x_wconf 87' lang='lat' dir='ltr'>intrinsece,</span> <span class='ocrx_word' id='word_1_166' title='bbox 859 2825 976 2865; x_wconf 88' lang='lat' dir='ltr'>non</span> <span class='ocrx_word' id='word_1_167' title='bbox 1020 2825 1180 2883; x_wconf 91' lang='lat' dir='ltr'>posse</span> <span class='ocrx_word' id='word_1_168' title='bbox 1230 2823 1353 2865; x_wconf 88' lang='lat' dir='ltr'>esse</span> <span class='ocrx_word' id='word_1_169' title='bbox 1380 2803 1624 2865; x_wconf 72' lang='lat' dir='ltr'>merito-&#39;-</span> 
     </span>
     <span class='ocr_line' id='line_1_28' title="bbox 42 2890 1618 2957; baseline 0.002 -13"><span class='ocrx_word' id='word_1_170' title='bbox 42 2901 101 2944; x_wconf 79' lang='grc' dir='ltr'>ι).</span> <span class='ocrx_word' id='word_1_171' title='bbox 122 2899 230 2945; x_wconf 75' lang='lat' dir='ltr'>Tho.</span> <span class='ocrx_word' id='word_1_172' title='bbox 266 2891 434 2947; x_wconf 89' lang='lat' dir='ltr'>riam.</span> <span class='ocrx_word' id='word_1_173' title='bbox 481 2890 733 2948; x_wconf 75' lang='lat' dir='ltr'>AssertIo</span> <span class='ocrx_word' id='word_1_174' title='bbox 763 2892 877 2947; x_wconf 84' lang='lat' dir='ltr'>haec</span> <span class='ocrx_word' id='word_1_175' title='bbox 901 2897 986 2948; x_wconf 89' lang='lat' dir='ltr'>est</span> <span class='ocrx_word' id='word_1_176' title='bbox 1014 2895 1077 2947; x_wconf 93' lang='lat' dir='ltr'>D.</span> <span class='ocrx_word' id='word_1_177' title='bbox 1110 2893 1318 2948; x_wconf 90' lang='lat' dir='ltr'>Thom.</span> <span class='ocrx_word' id='word_1_178' title='bbox 1349 2893 1409 2947; x_wconf 84' lang='lat' dir='ltr'>in</span> <span class='ocrx_word' id='word_1_179' title='bbox 1430 2893 1536 2947; x_wconf 68' lang='lat' dir='ltr'>liac</span> <span class='ocrx_word' id='word_1_180' title='bbox 1572 2893 1618 2957; x_wconf 93' lang='lat'>1,</span> 
     </span>
     <span class='ocr_line' id='line_1_29' title="bbox 262 2973 1626 3050; baseline 0 -19"><span class='ocrx_word' id='word_1_181' title='bbox 262 2975 318 3040; x_wconf 89' lang='grc'>2,</span> <span class='ocrx_word' id='word_1_182' title='bbox 342 2981 530 3050; x_wconf 77' lang='lat' dir='ltr'>quaest.</span> <span class='ocrx_word' id='word_1_183' title='bbox 560 2976 651 3040; x_wconf 87' lang='lat'>71,</span> <span class='ocrx_word' id='word_1_184' title='bbox 674 2979 783 3028; x_wconf 70' lang='grc' dir='ltr'>ατί.</span> <span class='ocrx_word' id='word_1_185' title='bbox 806 2974 840 3027; x_wconf 89' lang='lat'>5</span> <span class='ocrx_word' id='word_1_186' title='bbox 866 2974 927 3027; x_wconf 81' lang='lat' dir='ltr'>in</span> <span class='ocrx_word' id='word_1_187' title='bbox 946 2974 1210 3031; x_wconf 81' lang='lat' dir='ltr'>solutione</span> <span class='ocrx_word' id='word_1_188' title='bbox 1236 2974 1310 3030; x_wconf 82' lang='lat' dir='ltr'>ad</span> <span class='ocrx_word' id='word_1_189' title='bbox 1346 2977 1393 3040; x_wconf 93' lang='lat'>1,</span> <span class='ocrx_word' id='word_1_190' title='bbox 1424 2973 1521 3031; x_wconf 90' lang='lat' dir='ltr'>ubi</span> <span class='ocrx_word' id='word_1_191' title='bbox 1544 2974 1626 3031; x_wconf 86' lang='lat' dir='ltr'>sic</span> 
     </span>
     <span class='ocr_line' id='line_1_30' title="bbox 263 3053 1626 3133; baseline 0 -22"><span class='ocrx_word' id='word_1_192' title='bbox 263 3055 344 3111; x_wconf 84' lang='lat' dir='ltr'>ait</span> <span class='ocrx_word' id='word_1_193' title='bbox 376 3076 388 3110; x_wconf 72' lang='grc' dir='ltr'><strong>ε</strong></span> <span class='ocrx_word' id='word_1_194' title='bbox 422 3053 707 3111; x_wconf 77' lang='lat' dir='ltr'>Peccatum</span> <span class='ocrx_word' id='word_1_195' title='bbox 723 3061 895 3127; x_wconf 78' lang='lat' dir='ltr'>potest</span> <span class='ocrx_word' id='word_1_196' title='bbox 923 3057 1248 3126; x_wconf 70' lang='lat' dir='ltr'>continyere,</span> <span class='ocrx_word' id='word_1_197' title='bbox 1281 3058 1395 3111; x_wconf 76' lang='lat' dir='ltr'>siue</span> <span class='ocrx_word' id='word_1_198' title='bbox 1415 3056 1626 3133; x_wconf 79' lang='lat' dir='ltr'>aliquis</span> 
     </span>
     <span class='ocr_line' id='line_1_31' title="bbox 259 3136 1626 3214; baseline 0 -22"><span class='ocrx_word' id='word_1_199' title='bbox 259 3138 436 3210; x_wconf 72' lang='lat' dir='ltr'>saciat</span> <span class='ocrx_word' id='word_1_200' title='bbox 458 3137 600 3212; x_wconf 84' lang='lat' dir='ltr'>quod</span> <span class='ocrx_word' id='word_1_201' title='bbox 620 3153 729 3190; x_wconf 79' lang='lat' dir='ltr'>non</span> <span class='ocrx_word' id='word_1_202' title='bbox 755 3136 921 3201; x_wconf 81' lang='lat' dir='ltr'>debet,</span> <span class='ocrx_word' id='word_1_203' title='bbox 946 3138 1059 3191; x_wconf 80' lang='lat' dir='ltr'>sive</span> <span class='ocrx_word' id='word_1_204' title='bbox 1080 3154 1188 3191; x_wconf 83' lang='lat' dir='ltr'>non</span> <span class='ocrx_word' id='word_1_205' title='bbox 1209 3136 1461 3208; x_wconf 82' lang='lat' dir='ltr'>faciendo</span> <span class='ocrx_word' id='word_1_206' title='bbox 1482 3138 1626 3214; x_wconf 80' lang='lat' dir='ltr'>quod</span> 
     </span>
     <span class='ocr_line' id='line_1_32' title="bbox 259 3216 1618 3289; baseline -0.001 -16"><span class='ocrx_word' id='word_1_207' title='bbox 259 3217 445 3273; x_wconf 82' lang='lat' dir='ltr'>debet:</span> <span class='ocrx_word' id='word_1_208' title='bbox 471 3216 563 3271; x_wconf 82' lang='lat' dir='ltr'>sed</span> <span class='ocrx_word' id='word_1_209' title='bbox 583 3220 841 3273; x_wconf 78' lang='lat' dir='ltr'>meritum</span> <span class='ocrx_word' id='word_1_210' title='bbox 876 3235 985 3272; x_wconf 78' lang='lat' dir='ltr'>non</span> <span class='ocrx_word' id='word_1_211' title='bbox 1001 3225 1174 3289; x_wconf 83' lang='lat' dir='ltr'>potest</span> <span class='ocrx_word' id='word_1_212' title='bbox 1213 3235 1343 3284; x_wconf 77' lang='lat' dir='ltr'>esse,</span> <span class='ocrx_word' id='word_1_213' title='bbox 1374 3219 1486 3272; x_wconf 77' lang='lat' dir='ltr'>nisi</span> <span class='ocrx_word' id='word_1_214' title='bbox 1511 3220 1618 3274; x_wconf 82' lang='lat' dir='ltr'>ali-</span> 
     </span>
     <span class='ocr_line' id='line_1_33' title="bbox 260 3297 1628 3377; baseline 0 -22"><span class='ocrx_word' id='word_1_215' title='bbox 260 3301 383 3377; x_wconf 74' lang='lat' dir='ltr'>quis</span> <span class='ocrx_word' id='word_1_216' title='bbox 403 3300 579 3372; x_wconf 80' lang='lat' dir='ltr'>saciat</span> <span class='ocrx_word' id='word_1_217' title='bbox 603 3299 917 3353; x_wconf 77' lang='lat' dir='ltr'>voluntarie</span> <span class='ocrx_word' id='word_1_218' title='bbox 944 3298 1086 3374; x_wconf 80' lang='lat' dir='ltr'>quod</span> <span class='ocrx_word' id='word_1_219' title='bbox 1110 3297 1255 3353; x_wconf 81' lang='lat' dir='ltr'>debet</span> <span class='ocrx_word' id='word_1_220' title='bbox 1277 3306 1363 3364; x_wconf 81' lang='lat' dir='ltr'>;et</span> <span class='ocrx_word' id='word_1_221' title='bbox 1386 3298 1502 3353; x_wconf 78' lang='lat' dir='ltr'>ideo</span> <span class='ocrx_word' id='word_1_222' title='bbox 1522 3317 1628 3355; x_wconf 82' lang='lat' dir='ltr'>me-</span> 
     </span>
     <span class='ocr_line' id='line_1_34' title="bbox 260 3380 1627 3453; baseline -0.001 -17"><span class='ocrx_word' id='word_1_223' title='bbox 260 3384 434 3437; x_wconf 82' lang='lat' dir='ltr'>ritum</span> <span class='ocrx_word' id='word_1_224' title='bbox 455 3398 564 3435; x_wconf 82' lang='lat' dir='ltr'>non</span> <span class='ocrx_word' id='word_1_225' title='bbox 582 3387 751 3453; x_wconf 77' lang='lat' dir='ltr'>potest</span> <span class='ocrx_word' id='word_1_226' title='bbox 778 3396 886 3434; x_wconf 69' lang='lat' dir='ltr'>esse</span> <span class='ocrx_word' id='word_1_227' title='bbox 907 3381 1023 3434; x_wconf 75' lang='lat' dir='ltr'>sine</span> <span class='ocrx_word' id='word_1_228' title='bbox 1049 3386 1197 3444; x_wconf 81' lang='lat' dir='ltr'>actu,</span> <span class='ocrx_word' id='word_1_229' title='bbox 1230 3380 1323 3434; x_wconf 86' lang='lat' dir='ltr'>sed</span> <span class='ocrx_word' id='word_1_230' title='bbox 1343 3386 1627 3452; x_wconf 81' lang='lat' dir='ltr'>peccatum</span> 
     </span>
     <span class='ocr_line' id='line_1_35' title="bbox 260 3459 1625 3538; baseline 0 -20"><span class='ocrx_word' id='word_1_231' title='bbox 260 3470 431 3537; x_wconf 81' lang='lat' dir='ltr'>potest</span> <span class='ocrx_word' id='word_1_232' title='bbox 456 3482 564 3519; x_wconf 71' lang='lat' dir='ltr'>esse</span> <span class='ocrx_word' id='word_1_233' title='bbox 583 3464 700 3516; x_wconf 81' lang='lat' dir='ltr'>sine</span> <span class='ocrx_word' id='word_1_234' title='bbox 726 3469 873 3518; x_wconf 79' lang='lat' dir='ltr'>actu.</span> <span class='ocrx_word' id='word_1_235' title='bbox 908 3459 1063 3517; x_wconf 84' lang='lat' dir='ltr'>Idem</span> <span class='ocrx_word' id='word_1_236' title='bbox 1079 3460 1238 3518; x_wconf 86' lang='lat' dir='ltr'>docet</span> <span class='ocrx_word' id='word_1_237' title='bbox 1272 3464 1327 3528; x_wconf 93' lang='grc'>2,</span> <span class='ocrx_word' id='word_1_238' title='bbox 1359 3464 1414 3527; x_wconf 90' lang='grc'>2,</span> <span class='ocrx_word' id='word_1_239' title='bbox 1441 3469 1625 3538; x_wconf 60' lang='lat' dir='ltr'>quast.</span> 
     </span>
     <span class='ocr_line' id='line_1_36' title="bbox 264 3541 1624 3609; baseline -0.001 -9"><span class='ocrx_word' id='word_1_240' title='bbox 264 3547 359 3607; x_wconf 80' lang='lat'>79,</span> <span class='ocrx_word' id='word_1_241' title='bbox 390 3550 498 3599; x_wconf 87' lang='lat' dir='ltr'>art.</span> <span class='ocrx_word' id='word_1_242' title='bbox 553 3545 570 3598; x_wconf 95' lang='lat' dir='ltr'>l</span> <span class='ocrx_word' id='word_1_243' title='bbox 605 3543 678 3598; x_wconf 85' lang='lat' dir='ltr'>ad</span> <span class='ocrx_word' id='word_1_244' title='bbox 703 3544 738 3596; x_wconf 93' lang='grc'>2</span> <span class='ocrx_word' id='word_1_245' title='bbox 785 3549 835 3597; x_wconf 83' lang='lat' dir='ltr'>et</span> <span class='ocrx_word' id='word_1_246' title='bbox 861 3548 971 3597; x_wconf 85' lang='lat' dir='ltr'>art.</span> <span class='ocrx_word' id='word_1_247' title='bbox 1003 3542 1038 3596; x_wconf 89' lang='lat'><strong>3</strong></span> <span class='ocrx_word' id='word_1_248' title='bbox 1076 3542 1152 3597; x_wconf 86' lang='lat' dir='ltr'>ad</span> <span class='ocrx_word' id='word_1_249' title='bbox 1185 3543 1238 3609; x_wconf 90' lang='grc'>4,</span> <span class='ocrx_word' id='word_1_250' title='bbox 1283 3542 1421 3597; x_wconf 81' lang='lat' dir='ltr'>etde</span> <span class='ocrx_word' id='word_1_251' title='bbox 1460 3541 1624 3600; x_wconf 79' lang='lat' dir='ltr'>Ver-it.</span> 
     </span>
     <span class='ocr_line' id='line_1_37' title="bbox 266 3622 1628 3703; baseline 0 -24"><span class='ocrx_word' id='word_1_252' title='bbox 266 3631 448 3703; x_wconf 60' lang='grc' dir='ltr'><strong><em>φηςι.</em></strong></span> <span class='ocrx_word' id='word_1_253' title='bbox 475 3625 568 3688; x_wconf 86' lang='grc'>25,</span> <span class='ocrx_word' id='word_1_254' title='bbox 593 3630 702 3678; x_wconf 81' lang='lat' dir='ltr'>art.</span> <span class='ocrx_word' id='word_1_255' title='bbox 735 3624 771 3677; x_wconf 85' lang='lat'>5</span> <span class='ocrx_word' id='word_1_256' title='bbox 798 3623 872 3677; x_wconf 83' lang='lat' dir='ltr'>ad</span> <span class='ocrx_word' id='word_1_257' title='bbox 886 3624 938 3690; x_wconf 85' lang='lat'>5,</span> <span class='ocrx_word' id='word_1_258' title='bbox 969 3628 1018 3675; x_wconf 83' lang='lat' dir='ltr'>et</span> <span class='ocrx_word' id='word_1_259' title='bbox 1045 3624 1106 3677; x_wconf 85' lang='lat' dir='ltr'>in</span> <span class='ocrx_word' id='word_1_260' title='bbox 1126 3624 1160 3676; x_wconf 88' lang='grc'>2</span> <span class='ocrx_word' id='word_1_261' title='bbox 1182 3622 1310 3677; x_wconf 79' lang='lat' dir='ltr'>dist.</span> <span class='ocrx_word' id='word_1_262' title='bbox 1332 3623 1422 3689; x_wconf 84' lang='lat'>35,</span> <span class='ocrx_word' id='word_1_263' title='bbox 1442 3630 1628 3701; x_wconf 63' lang='lat' dir='ltr'>quast.</span> 
     </span>
     <span class='ocr_line' id='line_1_38' title="bbox 68 3704 1631 3777; baseline 0 -16"><span class='ocrx_word' id='word_1_264' title='bbox 68 3730 237 3775; x_wconf 56' lang='lat' dir='ltr'>mmm,</span> <span class='ocrx_word' id='word_1_265' title='bbox 280 3709 323 3773; x_wconf 90' lang='lat' dir='ltr'>l,</span> <span class='ocrx_word' id='word_1_266' title='bbox 349 3712 458 3761; x_wconf 83' lang='lat' dir='ltr'>art.</span> <span class='ocrx_word' id='word_1_267' title='bbox 491 3706 545 3760; x_wconf 87' lang='lat'>3.</span> <span class='ocrx_word' id='word_1_268' title='bbox 591 3707 771 3769; x_wconf 89' lang='lat' dir='ltr'>Quem</span> <span class='ocrx_word' id='word_1_269' title='bbox 813 3706 1131 3775; x_wconf 87' lang='lat' dir='ltr'>sequuntur</span> <span class='ocrx_word' id='word_1_270' title='bbox 1163 3704 1360 3758; x_wconf 90' lang='lat' dir='ltr'>Zumel</span> <span class='ocrx_word' id='word_1_271' title='bbox 1388 3704 1452 3760; x_wconf 90' lang='lat' dir='ltr'>in</span> <span class='ocrx_word' id='word_1_272' title='bbox 1482 3720 1631 3777; x_wconf 85' lang='lat' dir='ltr'>prae-</span> 
     </span>
     <span class='ocr_line' id='line_1_39' title="bbox 47 3781 1625 3873; baseline -0.001 -30"><span class='ocrx_word' id='word_1_273' title='bbox 47 3781 239 3873; x_wconf 58' lang='lat' dir='ltr'>{We-‘²-</span> <span class='ocrx_word' id='word_1_274' title='bbox 269 3787 437 3853; x_wconf 91' lang='lat' dir='ltr'>senti,</span> <span class='ocrx_word' id='word_1_275' title='bbox 468 3794 578 3842; x_wconf 83' lang='lat' dir='ltr'>art.</span> <span class='ocrx_word' id='word_1_276' title='bbox 612 3788 665 3853; x_wconf 88' lang='lat'>3,</span> <span class='ocrx_word' id='word_1_277' title='bbox 697 3785 840 3857; x_wconf 82' lang='lat' dir='ltr'>disp.</span> <span class='ocrx_word' id='word_1_278' title='bbox 873 3786 926 3850; x_wconf 88' lang='lat'>5,</span> <span class='ocrx_word' id='word_1_279' title='bbox 960 3784 1314 3841; x_wconf 87' lang='lat' dir='ltr'>Montesinos</span> <span class='ocrx_word' id='word_1_280' title='bbox 1360 3785 1501 3858; x_wconf 70' lang='lat' dir='ltr'>disp.</span> <span class='ocrx_word' id='word_1_281' title='bbox 1535 3787 1625 3853; x_wconf 86' lang='lat'>39,</span> 
     </span>
     <span class='ocr_line' id='line_1_40' title="bbox 44 3839 1625 3974; baseline -0.001 -51"><span class='ocrx_word' id='word_1_282' title='bbox 44 3839 240 3974; x_wconf 46' lang='grc' dir='ltr'>ἐξὲξ</span> <span class='ocrx_word' id='word_1_283' title='bbox 270 3874 451 3946; x_wconf 75' lang='lat' dir='ltr'>quaest.</span> <span class='ocrx_word' id='word_1_284' title='bbox 481 3867 537 3932; x_wconf 90' lang='grc'>4,</span> <span class='ocrx_word' id='word_1_285' title='bbox 568 3884 624 3921; x_wconf 68' lang='grc' dir='ltr'>τι.</span> <span class='ocrx_word' id='word_1_286' title='bbox 677 3867 768 3931; x_wconf 78' lang='lat'>50,</span> <span class='ocrx_word' id='word_1_287' title='bbox 802 3867 1011 3921; x_wconf 88' lang='lat' dir='ltr'>Suarez</span> <span class='ocrx_word' id='word_1_288' title='bbox 1051 3865 1115 3920; x_wconf 83' lang='lat' dir='ltr'>de</span> <span class='ocrx_word' id='word_1_289' title='bbox 1152 3866 1337 3936; x_wconf 73' lang='lat' dir='ltr'>oralia</span> <span class='ocrx_word' id='word_1_290' title='bbox 1384 3866 1477 3922; x_wconf 85' lang='lat' dir='ltr'>lib.</span> <span class='ocrx_word' id='word_1_291' title='bbox 1543 3868 1625 3936; x_wconf 83' lang='lat'>12,</span> 
     </span>
     <span class='ocr_line' id='line_1_41' title="bbox 43 3947 1632 4098; baseline -0.003 -9"><span class='ocrx_word' id='word_1_292' title='bbox 43 3980 255 4073; x_wconf 54' lang='lat' dir='ltr'>atta</span> <span class='ocrx_word' id='word_1_293' title='bbox 268 3966 390 4089; x_wconf 64' lang='lat'>23¹5:</span> <span class='ocrx_word' id='word_1_294' title='bbox 414 3948 486 4086; x_wconf 60' lang='grc' dir='ltr'>ἒ,</span> <span class='ocrx_word' id='word_1_295' title='bbox 501 3948 682 4086; x_wconf 52' lang='lat'>35:3²</span> <span class='ocrx_word' id='word_1_296' title='bbox 690 3947 847 4086; x_wconf 56' lang='lat' dir='ltr'>1235ae</span> <span class='ocrx_word' id='word_1_297' title='bbox 872 3947 1272 4085; x_wconf 55' lang='grc' dir='ltr'>1ζήῖῖᾖὲὁὲῑί</span> <span class='ocrx_word' id='word_1_298' title='bbox 1293 3948 1632 4098; x_wconf 46' lang='grc' dir='ltr'>ἒῗῖεὲὲἒὲξ</span> 
     </span>
    </p>
   </div>
   <div class='ocr_carea' id='block_1_14' title="bbox 269 4109 1633 4187">
    <p class='ocr_par' dir='ltr' id='par_1_14' title="bbox 269 4109 1633 4187">
     <span class='ocr_line' id='line_1_42' title="bbox 269 4109 1633 4187; baseline -0.001 -21"><span class='ocrx_word' id='word_1_299' title='bbox 269 4117 450 4185; x_wconf 61' lang='lat' dir='ltr'>quast.</span> <span class='ocrx_word' id='word_1_300' title='bbox 469 4111 525 4177; x_wconf 90' lang='grc'>2,</span> <span class='ocrx_word' id='word_1_301' title='bbox 551 4109 735 4184; x_wconf 85' lang='lat' dir='ltr'>Major</span> <span class='ocrx_word' id='word_1_302' title='bbox 762 4111 822 4163; x_wconf 78' lang='lat' dir='ltr'>in</span> <span class='ocrx_word' id='word_1_303' title='bbox 850 4109 1039 4177; x_wconf 72' lang='lat' dir='ltr'>3,dist.</span> <span class='ocrx_word' id='word_1_304' title='bbox 1058 4110 1149 4175; x_wconf 89' lang='grc'>38,</span> <span class='ocrx_word' id='word_1_305' title='bbox 1177 4116 1360 4187; x_wconf 64' lang='lat' dir='ltr'>quast.</span> <span class='ocrx_word' id='word_1_306' title='bbox 1395 4111 1441 4178; x_wconf 92' lang='lat' dir='ltr'>l,</span> <span class='ocrx_word' id='word_1_307' title='bbox 1475 4110 1633 4166; x_wconf 86' lang='lat' dir='ltr'>Alti-</span> 
     </span>
    </p>
   </div>
   <div class='ocr_carea' id='block_1_15' title="bbox 101 3595 115 3633">
    <p class='ocr_par' dir='ltr' id='par_1_15' title="bbox 101 3595 115 3633">
     <span class='ocr_line' id='line_1_43' title="bbox 101 3595 115 3633; baseline 0 0"><span class='ocrx_word' id='word_1_308' title='bbox 101 3595 115 3633; x_wconf 75' lang='lat' dir='ltr'>l</span> 
     </span>
    </p>
   </div>
   <div class='ocr_carea' id='block_1_16' title="bbox 62 4190 1635 5166">
    <p class='ocr_par' dir='ltr' id='par_1_16' title="bbox 62 4190 1635 5166">
     <span class='ocr_line' id='line_1_44' title="bbox 267 4190 1627 4266; baseline -0.001 -17"><span class='ocrx_word' id='word_1_309' title='bbox 267 4192 460 4249; x_wconf 85' lang='lat' dir='ltr'>siodor</span> <span class='ocrx_word' id='word_1_310' title='bbox 502 4194 561 4248; x_wconf 79' lang='lat' dir='ltr'>in</span> <span class='ocrx_word' id='word_1_311' title='bbox 605 4190 856 4259; x_wconf 81' lang='lat' dir='ltr'>Summa,</span> <span class='ocrx_word' id='word_1_312' title='bbox 893 4191 986 4247; x_wconf 79' lang='lat' dir='ltr'>tib.</span> <span class='ocrx_word' id='word_1_313' title='bbox 1011 4193 1066 4260; x_wconf 89' lang='grc'>2,</span> <span class='ocrx_word' id='word_1_314' title='bbox 1102 4198 1263 4249; x_wconf 80' lang='lat' dir='ltr'>tract.</span> <span class='ocrx_word' id='word_1_315' title='bbox 1306 4194 1388 4257; x_wconf 89' lang='lat'>19,</span> <span class='ocrx_word' id='word_1_316' title='bbox 1413 4209 1535 4266; x_wconf 84' lang='lat' dir='ltr'>cap.</span> <span class='ocrx_word' id='word_1_317' title='bbox 1571 4195 1627 4261; x_wconf 90' lang='grc'>2,</span> 
     </span>
     <span class='ocr_line' id='line_1_45' title="bbox 267 4271 1633 4352; baseline 0.001 -23"><span class='ocrx_word' id='word_1_318' title='bbox 267 4280 449 4352; x_wconf 60' lang='lat' dir='ltr'>quast.</span> <span class='ocrx_word' id='word_1_319' title='bbox 485 4275 531 4339; x_wconf 86' lang='lat'>1,</span> <span class='ocrx_word' id='word_1_320' title='bbox 555 4279 609 4330; x_wconf 89' lang='lat' dir='ltr'>et</span> <span class='ocrx_word' id='word_1_321' title='bbox 629 4278 713 4329; x_wconf 87' lang='lat' dir='ltr'>est</span> <span class='ocrx_word' id='word_1_322' title='bbox 764 4271 1279 4330; x_wconf 78' lang='lat' dir='ltr'>valdecommunis</span> <span class='ocrx_word' id='word_1_323' title='bbox 1321 4273 1476 4330; x_wconf 90' lang='lat' dir='ltr'>inter</span> <span class='ocrx_word' id='word_1_324' title='bbox 1500 4275 1633 4330; x_wconf 90' lang='lat' dir='ltr'>Doc-</span> 
     </span>
     <span class='ocr_line' id='line_1_46' title="bbox 269 4361 441 4413; baseline 0.006 -1"><span class='ocrx_word' id='word_1_325' title='bbox 269 4361 441 4413; x_wconf 76' lang='lat' dir='ltr'>toreS.</span> 
     </span>
     <span class='ocr_line' id='line_1_47' title="bbox 69 4435 1633 4510; baseline -0.003 -14"><span class='ocrx_word' id='word_1_326' title='bbox 69 4452 217 4497; x_wconf 74' lang='lat' dir='ltr'>Prima</span> <span class='ocrx_word' id='word_1_327' title='bbox 346 4437 670 4510; x_wconf 84' lang='lat' dir='ltr'>Principale</span> <span class='ocrx_word' id='word_1_328' title='bbox 692 4437 861 4509; x_wconf 90' lang='lat' dir='ltr'>hujus</span> <span class='ocrx_word' id='word_1_329' title='bbox 905 4435 1239 4493; x_wconf 86' lang='lat' dir='ltr'>assertionis</span> <span class='ocrx_word' id='word_1_330' title='bbox 1280 4436 1633 4493; x_wconf 81' lang='lat' dir='ltr'>fundamen-</span> 
     </span>
     <span class='ocr_line' id='line_1_48' title="bbox 62 4501 1635 4590; baseline -0.001 -13"><span class='ocrx_word' id='word_1_331' title='bbox 62 4501 199 4549; x_wconf 52' lang='grc' dir='ltr'>ΨΜ·</span> <span class='ocrx_word' id='word_1_332' title='bbox 269 4526 393 4577; x_wconf 92' lang='lat' dir='ltr'>tum</span> <span class='ocrx_word' id='word_1_333' title='bbox 420 4524 504 4576; x_wconf 90' lang='lat' dir='ltr'>est</span> <span class='ocrx_word' id='word_1_334' title='bbox 538 4540 550 4574; x_wconf 91' lang='lat'>:</span> <span class='ocrx_word' id='word_1_335' title='bbox 580 4519 855 4590; x_wconf 89' lang='lat' dir='ltr'>quoniam</span> <span class='ocrx_word' id='word_1_336' title='bbox 878 4521 1107 4576; x_wconf 92' lang='lat' dir='ltr'>nullum</span> <span class='ocrx_word' id='word_1_337' title='bbox 1130 4521 1445 4577; x_wconf 87' lang='lat' dir='ltr'>voluntatis</span> <span class='ocrx_word' id='word_1_338' title='bbox 1472 4535 1635 4577; x_wconf 84' lang='lat' dir='ltr'>exer-</span> 
     </span>
     <span class='ocr_line' id='line_1_49' title="bbox 267 4599 1634 4672; baseline -0.001 -15"><span class='ocrx_word' id='word_1_339' title='bbox 267 4601 469 4658; x_wconf 91' lang='lat' dir='ltr'>citium</span> <span class='ocrx_word' id='word_1_340' title='bbox 510 4604 836 4672; x_wconf 86' lang='lat' dir='ltr'>potestesse</span> <span class='ocrx_word' id='word_1_341' title='bbox 863 4599 1251 4666; x_wconf 88' lang='lat' dir='ltr'>meritorium,</span> <span class='ocrx_word' id='word_1_342' title='bbox 1279 4600 1395 4656; x_wconf 90' lang='lat' dir='ltr'>nisi</span> <span class='ocrx_word' id='word_1_343' title='bbox 1436 4600 1511 4655; x_wconf 91' lang='lat' dir='ltr'>sit</span> <span class='ocrx_word' id='word_1_344' title='bbox 1555 4600 1634 4656; x_wconf 93' lang='lat' dir='ltr'>li-</span> 
     </span>
     <span class='ocr_line' id='line_1_50' title="bbox 268 4680 1634 4757; baseline -0.001 -17"><span class='ocrx_word' id='word_1_345' title='bbox 268 4681 493 4746; x_wconf 83' lang='lat' dir='ltr'>berum,</span> <span class='ocrx_word' id='word_1_346' title='bbox 520 4688 583 4737; x_wconf 81' lang='lat' dir='ltr'>ut</span> <span class='ocrx_word' id='word_1_347' title='bbox 607 4680 736 4736; x_wconf 67' lang='lat' dir='ltr'>chub.</span> <span class='ocrx_word' id='word_1_348' title='bbox 766 4698 870 4757; x_wconf 82' lang='lat' dir='ltr'>seq.</span> <span class='ocrx_word' id='word_1_349' title='bbox 898 4681 1262 4738; x_wconf 86' lang='lat' dir='ltr'>ostendemus</span> <span class='ocrx_word' id='word_1_350' title='bbox 1291 4703 1302 4737; x_wconf 92' lang='lat'>:</span> <span class='ocrx_word' id='word_1_351' title='bbox 1331 4680 1430 4739; x_wconf 90' lang='lat' dir='ltr'>sed</span> <span class='ocrx_word' id='word_1_352' title='bbox 1486 4698 1634 4753; x_wconf 89' lang='lat' dir='ltr'>pura</span> 
     </span>
     <span class='ocr_line' id='line_1_51' title="bbox 260 4760 1635 4822; baseline -0.002 0"><span class='ocrx_word' id='word_1_353' title='bbox 260 4763 504 4822; x_wconf 81' lang='lat' dir='ltr'>omissio</span> <span class='ocrx_word' id='word_1_354' title='bbox 532 4778 647 4818; x_wconf 88' lang='lat' dir='ltr'>non</span> <span class='ocrx_word' id='word_1_355' title='bbox 672 4767 757 4818; x_wconf 87' lang='lat' dir='ltr'>est</span> <span class='ocrx_word' id='word_1_356' title='bbox 777 4760 1117 4818; x_wconf 82' lang='lat' dir='ltr'>exercitium</span> <span class='ocrx_word' id='word_1_357' title='bbox 1141 4762 1456 4820; x_wconf 86' lang='lat' dir='ltr'>voluntatis</span> <span class='ocrx_word' id='word_1_358' title='bbox 1480 4760 1635 4819; x_wconf 88' lang='lat' dir='ltr'>libe-</span> 
     </span>
     <span class='ocr_line' id='line_1_52' title="bbox 271 4843 1635 4916; baseline -0.001 -15"><span class='ocrx_word' id='word_1_359' title='bbox 271 4862 424 4911; x_wconf 86' lang='lat' dir='ltr'>rum,</span> <span class='ocrx_word' id='word_1_360' title='bbox 451 4845 570 4901; x_wconf 90' lang='lat' dir='ltr'>imo</span> <span class='ocrx_word' id='word_1_361' title='bbox 599 4859 701 4900; x_wconf 89' lang='lat' dir='ltr'>nec</span> <span class='ocrx_word' id='word_1_362' title='bbox 741 4843 1158 4908; x_wconf 87' lang='lat' dir='ltr'>voluntarium,</span> <span class='ocrx_word' id='word_1_363' title='bbox 1193 4849 1254 4899; x_wconf 87' lang='lat' dir='ltr'>ut</span> <span class='ocrx_word' id='word_1_364' title='bbox 1280 4844 1393 4900; x_wconf 87' lang='lat' dir='ltr'>late</span> <span class='ocrx_word' id='word_1_365' title='bbox 1423 4843 1635 4916; x_wconf 89' lang='lat' dir='ltr'>proba-</span> 
     </span>
     <span class='ocr_line' id='line_1_53' title="bbox 267 4924 1633 4999; baseline -0.001 -17"><span class='ocrx_word' id='word_1_366' title='bbox 267 4926 465 4983; x_wconf 80' lang='lat' dir='ltr'>vimus</span> <span class='ocrx_word' id='word_1_367' title='bbox 486 4932 645 4980; x_wconf 83' lang='lat' dir='ltr'>tract.</span> <span class='ocrx_word' id='word_1_368' title='bbox 687 4925 768 4988; x_wconf 91' lang='lat'>10,</span> <span class='ocrx_word' id='word_1_369' title='bbox 800 4924 945 4997; x_wconf 77' lang='lat' dir='ltr'>disp.</span> <span class='ocrx_word' id='word_1_370' title='bbox 973 4926 1026 4987; x_wconf 83' lang='lat'>4,</span> <span class='ocrx_word' id='word_1_371' title='bbox 1053 4924 1180 4981; x_wconf 81' lang='lat' dir='ltr'>dub.</span> <span class='ocrx_word' id='word_1_372' title='bbox 1222 4925 1240 4979; x_wconf 97' lang='lat' dir='ltr'>l</span> <span class='ocrx_word' id='word_1_373' title='bbox 1275 4948 1289 4992; x_wconf 89' lang='lat'>;</span> <span class='ocrx_word' id='word_1_374' title='bbox 1318 4940 1453 4999; x_wconf 89' lang='lat' dir='ltr'>ergo</span> <span class='ocrx_word' id='word_1_375' title='bbox 1482 4940 1633 4997; x_wconf 83' lang='lat' dir='ltr'>pura</span> 
     </span>
     <span class='ocr_line' id='line_1_54' title="bbox 265 5006 1218 5081; baseline 0 -17"><span class='ocrx_word' id='word_1_376' title='bbox 265 5008 508 5065; x_wconf 87' lang='lat' dir='ltr'>omissio</span> <span class='ocrx_word' id='word_1_377' title='bbox 536 5006 732 5081; x_wconf 89' lang='lat' dir='ltr'>nequit</span> <span class='ocrx_word' id='word_1_378' title='bbox 752 5022 875 5063; x_wconf 88' lang='lat' dir='ltr'>esse</span> <span class='ocrx_word' id='word_1_379' title='bbox 897 5007 1218 5064; x_wconf 82' lang='lat' dir='ltr'>meritoria.</span> 
     </span>
     <span class='ocr_line' id='line_1_55' title="bbox 341 5089 1632 5166; baseline -0.002 -16"><span class='ocrx_word' id='word_1_380' title='bbox 341 5089 747 5158; x_wconf 82' lang='lat' dir='ltr'>confirmatur,</span> <span class='ocrx_word' id='word_1_381' title='bbox 779 5091 913 5164; x_wconf 83' lang='lat' dir='ltr'>quia</span> <span class='ocrx_word' id='word_1_382' title='bbox 939 5108 1056 5149; x_wconf 92' lang='lat' dir='ltr'>non</span> <span class='ocrx_word' id='word_1_383' title='bbox 1084 5091 1280 5148; x_wconf 89' lang='lat' dir='ltr'>minus</span> <span class='ocrx_word' id='word_1_384' title='bbox 1309 5090 1632 5166; x_wconf 84' lang='lat' dir='ltr'>requiritur</span> 
     </span>
    </p>
   </div>
   <div class='ocr_carea' id='block_1_17' title="bbox 1750 606 3384 4097">
    <p class='ocr_par' dir='ltr' id='par_1_17' title="bbox 1750 606 3316 841">
     <span class='ocr_line' id='line_1_56' title="bbox 1751 606 3316 680; baseline 0 -17"><span class='ocrx_word' id='word_1_385' title='bbox 1751 606 1821 664; x_wconf 92' lang='lat' dir='ltr'>ad</span> <span class='ocrx_word' id='word_1_386' title='bbox 1844 607 2140 674; x_wconf 88' lang='lat' dir='ltr'>meritum,</span> <span class='ocrx_word' id='word_1_387' title='bbox 2165 623 2338 680; x_wconf 87' lang='lat' dir='ltr'>quam</span> <span class='ocrx_word' id='word_1_388' title='bbox 2362 607 2431 664; x_wconf 92' lang='lat' dir='ltr'>ad</span> <span class='ocrx_word' id='word_1_389' title='bbox 2453 607 2820 674; x_wconf 89' lang='lat' dir='ltr'>demeritum,</span> <span class='ocrx_word' id='word_1_390' title='bbox 2846 622 2946 662; x_wconf 91' lang='lat' dir='ltr'>seu</span> <span class='ocrx_word' id='word_1_391' title='bbox 2982 620 3316 679; x_wconf 69' lang='lat' dir='ltr'>pec-:conun-</span> 
     </span>
     <span class='ocr_line' id='line_1_57' title="bbox 1750 676 3308 760; baseline -0.001 -16"><span class='ocrx_word' id='word_1_392' title='bbox 1750 693 1943 744; x_wconf 88' lang='lat' dir='ltr'>catum</span> <span class='ocrx_word' id='word_1_393' title='bbox 1976 686 2110 745; x_wconf 86' lang='lat' dir='ltr'>:sed</span> <span class='ocrx_word' id='word_1_394' title='bbox 2150 687 2386 745; x_wconf 88' lang='lat' dir='ltr'>omissio</span> <span class='ocrx_word' id='word_1_395' title='bbox 2434 704 2576 759; x_wconf 90' lang='lat' dir='ltr'>pura</span> <span class='ocrx_word' id='word_1_396' title='bbox 2606 687 2803 760; x_wconf 89' lang='lat' dir='ltr'>nequit</span> <span class='ocrx_word' id='word_1_397' title='bbox 2848 701 2969 742; x_wconf 87' lang='lat' dir='ltr'>esse</span> <span class='ocrx_word' id='word_1_398' title='bbox 3012 687 3120 743; x_wconf 86' lang='lat' dir='ltr'>de·</span> <span class='ocrx_word' id='word_1_399' title='bbox 3160 676 3308 715; x_wconf 63' lang='lat' dir='ltr'>mm·</span> 
     </span>
     <span class='ocr_line' id='line_1_58' title="bbox 1753 766 3120 841; baseline 0.001 -17"><span class='ocrx_word' id='word_1_400' title='bbox 1753 769 2072 833; x_wconf 90' lang='lat' dir='ltr'>meritoria,</span> <span class='ocrx_word' id='word_1_401' title='bbox 2107 776 2204 824; x_wconf 88' lang='lat' dir='ltr'>aut</span> <span class='ocrx_word' id='word_1_402' title='bbox 2231 768 2642 841; x_wconf 85' lang='lat' dir='ltr'>peccaminosa,</span> <span class='ocrx_word' id='word_1_403' title='bbox 2673 775 2732 824; x_wconf 91' lang='lat' dir='ltr'>ut</span> <span class='ocrx_word' id='word_1_404' title='bbox 2758 766 3120 825; x_wconf 72' lang='lat' dir='ltr'>ostendImus</span> 
     </span>
    </p>

    <p class='ocr_par' dir='ltr' id='par_1_18' title="bbox 1753 847 3121 1002">
     <span class='ocr_line' id='line_1_59' title="bbox 1753 847 3121 922; baseline 0 -18"><span class='ocrx_word' id='word_1_405' title='bbox 1753 855 1914 914; x_wconf 81' lang='lat' dir='ltr'>tract,</span> <span class='ocrx_word' id='word_1_406' title='bbox 1943 851 2025 915; x_wconf 88' lang='grc'>13,</span> <span class='ocrx_word' id='word_1_407' title='bbox 2050 848 2191 921; x_wconf 77' lang='lat' dir='ltr'>disp.</span> <span class='ocrx_word' id='word_1_408' title='bbox 2218 850 2271 913; x_wconf 90' lang='lat'>5,</span> <span class='ocrx_word' id='word_1_409' title='bbox 2297 848 2424 904; x_wconf 84' lang='lat' dir='ltr'>dub.</span> <span class='ocrx_word' id='word_1_410' title='bbox 2451 850 2486 903; x_wconf 90' lang='grc'>2</span> <span class='ocrx_word' id='word_1_411' title='bbox 2506 872 2521 916; x_wconf 84' lang='lat'>;</span> <span class='ocrx_word' id='word_1_412' title='bbox 2544 864 2679 922; x_wconf 87' lang='lat' dir='ltr'>ergo</span> <span class='ocrx_word' id='word_1_413' title='bbox 2708 864 2853 921; x_wconf 89' lang='lat' dir='ltr'>pura</span> <span class='ocrx_word' id='word_1_414' title='bbox 2880 847 3121 904; x_wconf 83' lang='lat' dir='ltr'>omissio</span> 
     </span>
     <span class='ocr_line' id='line_1_60' title="bbox 1754 929 2457 1002; baseline 0.003 -18"><span class='ocrx_word' id='word_1_415' title='bbox 1754 930 1953 1002; x_wconf 89' lang='lat' dir='ltr'>nequit</span> <span class='ocrx_word' id='word_1_416' title='bbox 1985 945 2107 986; x_wconf 88' lang='lat' dir='ltr'>esse</span> <span class='ocrx_word' id='word_1_417' title='bbox 2133 929 2457 986; x_wconf 89' lang='lat' dir='ltr'>meritoria.</span> 
     </span>
    </p>

    <p class='ocr_par' dir='ltr' id='par_1_19' title="bbox 1754 1010 3384 3126">
     <span class='ocr_line' id='line_1_61' title="bbox 1830 1010 3290 1084; baseline -0.001 -15"><span class='ocrx_word' id='word_1_418' title='bbox 1830 1015 1886 1069; x_wconf 91' lang='grc'>2.</span> <span class='ocrx_word' id='word_1_419' title='bbox 1910 1011 2126 1069; x_wconf 88' lang='lat' dir='ltr'>Deinde</span> <span class='ocrx_word' id='word_1_420' title='bbox 2142 1010 2415 1084; x_wconf 82' lang='lat' dir='ltr'>probatur</span> <span class='ocrx_word' id='word_1_421' title='bbox 2437 1012 2552 1068; x_wconf 88' lang='lat' dir='ltr'>alia</span> <span class='ocrx_word' id='word_1_422' title='bbox 2577 1011 2798 1068; x_wconf 88' lang='lat' dir='ltr'>ratione</span> <span class='ocrx_word' id='word_1_423' title='bbox 2818 1010 3119 1084; x_wconf 86' lang='lat' dir='ltr'>desumpta</span> <span class='ocrx_word' id='word_1_424' title='bbox 3155 1013 3290 1058; x_wconf 72' lang='lat' dir='ltr'>Anna</span> 
     </span>
     <span class='ocr_line' id='line_1_62' title="bbox 1754 1073 3306 1167; baseline 0.004 -15"><span class='ocrx_word' id='word_1_425' title='bbox 1754 1111 1825 1152; x_wconf 84' lang='lat' dir='ltr'>ex</span> <span class='ocrx_word' id='word_1_426' title='bbox 1847 1098 1913 1151; x_wconf 93' lang='lat' dir='ltr'>D.</span> <span class='ocrx_word' id='word_1_427' title='bbox 1945 1096 2151 1151; x_wconf 91' lang='lat' dir='ltr'>Thom.</span> <span class='ocrx_word' id='word_1_428' title='bbox 2178 1095 2309 1151; x_wconf 83' lang='lat' dir='ltr'>locis</span> <span class='ocrx_word' id='word_1_429' title='bbox 2328 1097 2420 1151; x_wconf 83' lang='lat' dir='ltr'>cit.</span> <span class='ocrx_word' id='word_1_430' title='bbox 2452 1111 2576 1167; x_wconf 84' lang='lat' dir='ltr'>quae</span> <span class='ocrx_word' id='word_1_431' title='bbox 2617 1101 2796 1167; x_wconf 88' lang='lat' dir='ltr'>potest</span> <span class='ocrx_word' id='word_1_432' title='bbox 2825 1094 3018 1153; x_wconf 91' lang='lat' dir='ltr'>reduci</span> <span class='ocrx_word' id='word_1_433' title='bbox 3045 1097 3117 1154; x_wconf 89' lang='lat' dir='ltr'>ad</span> <span class='ocrx_word' id='word_1_434' title='bbox 3157 1073 3306 1158; x_wconf 51' lang='lat' dir='ltr'>muff-</span> 
     </span>
     <span class='ocr_line' id='line_1_63' title="bbox 1755 1178 3121 1238; baseline 0.001 -2"><span class='ocrx_word' id='word_1_435' title='bbox 1755 1179 1905 1237; x_wconf 87' lang='lat' dir='ltr'>hanc</span> <span class='ocrx_word' id='word_1_436' title='bbox 1927 1180 2199 1236; x_wconf 78' lang='lat' dir='ltr'>sormam.</span> <span class='ocrx_word' id='word_1_437' title='bbox 2231 1179 2407 1235; x_wconf 90' lang='lat' dir='ltr'>Nulla</span> <span class='ocrx_word' id='word_1_438' title='bbox 2450 1178 2685 1236; x_wconf 90' lang='lat' dir='ltr'>omissio</span> <span class='ocrx_word' id='word_1_439' title='bbox 2719 1178 3034 1235; x_wconf 89' lang='lat' dir='ltr'>secundum</span> <span class='ocrx_word' id='word_1_440' title='bbox 3057 1196 3121 1238; x_wconf 88' lang='lat' dir='ltr'>se</span> 
     </span>
     <span class='ocr_line' id='line_1_64' title="bbox 1758 1257 3123 1336; baseline 0.001 -18"><span class='ocrx_word' id='word_1_441' title='bbox 1758 1261 1990 1335; x_wconf 67' lang='lat' dir='ltr'>praecise</span> <span class='ocrx_word' id='word_1_442' title='bbox 2029 1264 2258 1332; x_wconf 88' lang='lat' dir='ltr'>sumpta</span> <span class='ocrx_word' id='word_1_443' title='bbox 2284 1263 2367 1316; x_wconf 89' lang='lat' dir='ltr'>est</span> <span class='ocrx_word' id='word_1_444' title='bbox 2412 1257 2564 1315; x_wconf 86' lang='lat' dir='ltr'>bona</span> <span class='ocrx_word' id='word_1_445' title='bbox 2607 1260 2908 1316; x_wconf 84' lang='lat' dir='ltr'>moraliter</span> <span class='ocrx_word' id='word_1_446' title='bbox 2939 1284 2952 1316; x_wconf 72' lang='grc' dir='ltr'><strong>ι</strong></span> <span class='ocrx_word' id='word_1_447' title='bbox 2983 1276 3123 1336; x_wconf 88' lang='lat' dir='ltr'>ergo</span> 
     </span>
     <span class='ocr_line' id='line_1_65' title="bbox 1756 1338 3116 1413; baseline 0 -15"><span class='ocrx_word' id='word_1_448' title='bbox 1756 1343 1920 1399; x_wconf 89' lang='lat' dir='ltr'>nulla</span> <span class='ocrx_word' id='word_1_449' title='bbox 1949 1345 2270 1413; x_wconf 86' lang='lat' dir='ltr'>potestesse</span> <span class='ocrx_word' id='word_1_450' title='bbox 2291 1338 2604 1396; x_wconf 90' lang='lat' dir='ltr'>secundum</span> <span class='ocrx_word' id='word_1_451' title='bbox 2649 1356 2710 1396; x_wconf 90' lang='lat' dir='ltr'>se</span> <span class='ocrx_word' id='word_1_452' title='bbox 2761 1341 3066 1398; x_wconf 89' lang='lat' dir='ltr'>meritoria</span> <span class='ocrx_word' id='word_1_453' title='bbox 3100 1363 3116 1398; x_wconf 71' lang='grc' dir='ltr'><strong><em>ε</em></strong></span> 
     </span>
     <span class='ocr_line' id='line_1_66' title="bbox 1754 1422 3117 1500; baseline -0.001 -18"><span class='ocrx_word' id='word_1_454' title='bbox 1754 1441 1891 1500; x_wconf 88' lang='lat' dir='ltr'>ergo</span> <span class='ocrx_word' id='word_1_455' title='bbox 1918 1423 2237 1479; x_wconf 88' lang='lat' dir='ltr'>necessaria</span> <span class='ocrx_word' id='word_1_456' title='bbox 2288 1426 2372 1478; x_wconf 89' lang='lat' dir='ltr'>est</span> <span class='ocrx_word' id='word_1_457' title='bbox 2417 1422 2487 1479; x_wconf 92' lang='lat' dir='ltr'>ad</span> <span class='ocrx_word' id='word_1_458' title='bbox 2534 1422 2810 1480; x_wconf 89' lang='lat' dir='ltr'>meritum</span> <span class='ocrx_word' id='word_1_459' title='bbox 2858 1424 3117 1496; x_wconf 87' lang='lat' dir='ltr'>operatio</span> 
     </span>
     <span class='ocr_line' id='line_1_67' title="bbox 1757 1502 3111 1579; baseline -0.001 -17"><span class='ocrx_word' id='word_1_460' title='bbox 1757 1505 2016 1579; x_wconf 85' lang='lat' dir='ltr'>positiva.</span> <span class='ocrx_word' id='word_1_461' title='bbox 2053 1505 2177 1558; x_wconf 79' lang='lat' dir='ltr'>Haec</span> <span class='ocrx_word' id='word_1_462' title='bbox 2197 1502 2444 1560; x_wconf 88' lang='lat' dir='ltr'>secunda</span> <span class='ocrx_word' id='word_1_463' title='bbox 2482 1504 2886 1576; x_wconf 79' lang='lat' dir='ltr'>consequentia</span> <span class='ocrx_word' id='word_1_464' title='bbox 2909 1505 3111 1561; x_wconf 89' lang='lat' dir='ltr'>mani-</span> 
     </span>
     <span class='ocr_line' id='line_1_68' title="bbox 1756 1583 3119 1658; baseline -0.001 -15"><span class='ocrx_word' id='word_1_465' title='bbox 1756 1586 1898 1643; x_wconf 77' lang='lat' dir='ltr'>festa</span> <span class='ocrx_word' id='word_1_466' title='bbox 1918 1590 2002 1643; x_wconf 90' lang='lat' dir='ltr'>est</span> <span class='ocrx_word' id='word_1_467' title='bbox 2027 1600 2098 1640; x_wconf 89' lang='lat' dir='ltr'>ex</span> <span class='ocrx_word' id='word_1_468' title='bbox 2141 1583 2341 1656; x_wconf 90' lang='lat' dir='ltr'>priori,</span> <span class='ocrx_word' id='word_1_469' title='bbox 2373 1589 2429 1640; x_wconf 91' lang='lat' dir='ltr'>et</span> <span class='ocrx_word' id='word_1_470' title='bbox 2451 1585 2609 1658; x_wconf 91' lang='lat' dir='ltr'>prior</span> <span class='ocrx_word' id='word_1_471' title='bbox 2629 1600 2700 1640; x_wconf 89' lang='lat' dir='ltr'>ex</span> <span class='ocrx_word' id='word_1_472' title='bbox 2722 1583 3077 1641; x_wconf 83' lang='lat' dir='ltr'>antecedenti</span> <span class='ocrx_word' id='word_1_473' title='bbox 3100 1610 3119 1655; x_wconf 88' lang='lat'>;</span> 
     </span>
     <span class='ocr_line' id='line_1_69' title="bbox 1754 1665 3117 1740; baseline -0.001 -16"><span class='ocrx_word' id='word_1_474' title='bbox 1754 1667 2029 1740; x_wconf 88' lang='lat' dir='ltr'>quoniam</span> <span class='ocrx_word' id='word_1_475' title='bbox 2068 1665 2345 1721; x_wconf 89' lang='lat' dir='ltr'>meritum</span> <span class='ocrx_word' id='word_1_476' title='bbox 2385 1680 2456 1720; x_wconf 84' lang='lat' dir='ltr'>ex</span> <span class='ocrx_word' id='word_1_477' title='bbox 2502 1665 2795 1722; x_wconf 90' lang='lat' dir='ltr'>communi</span> <span class='ocrx_word' id='word_1_478' title='bbox 2848 1667 3117 1723; x_wconf 83' lang='lat' dir='ltr'>omnium</span> 
     </span>
     <span class='ocr_line' id='line_1_70' title="bbox 1755 1745 3122 1815; baseline 0 -10"><span class='ocrx_word' id='word_1_479' title='bbox 1755 1749 2042 1806; x_wconf 88' lang='lat' dir='ltr'>sententia</span> <span class='ocrx_word' id='word_1_480' title='bbox 2085 1745 2360 1803; x_wconf 81' lang='lat' dir='ltr'>fundatur</span> <span class='ocrx_word' id='word_1_481' title='bbox 2407 1747 2470 1802; x_wconf 94' lang='lat' dir='ltr'>in</span> <span class='ocrx_word' id='word_1_482' title='bbox 2499 1745 2754 1804; x_wconf 86' lang='lat' dir='ltr'>bonitate</span> <span class='ocrx_word' id='word_1_483' title='bbox 2798 1750 3030 1815; x_wconf 87' lang='lat' dir='ltr'>morali,</span> <span class='ocrx_word' id='word_1_484' title='bbox 3061 1754 3122 1806; x_wconf 89' lang='lat' dir='ltr'>et</span> 
     </span>
     <span class='ocr_line' id='line_1_71' title="bbox 1756 1831 3116 1905; baseline -0.001 -16"><span class='ocrx_word' id='word_1_485' title='bbox 1756 1838 1842 1890; x_wconf 88' lang='lat' dir='ltr'>est</span> <span class='ocrx_word' id='word_1_486' title='bbox 1888 1833 2049 1905; x_wconf 89' lang='lat' dir='ltr'>quasi</span> <span class='ocrx_word' id='word_1_487' title='bbox 2083 1832 2401 1904; x_wconf 87' lang='lat' dir='ltr'>proprietas</span> <span class='ocrx_word' id='word_1_488' title='bbox 2441 1831 2622 1896; x_wconf 89' lang='lat' dir='ltr'>illius,</span> <span class='ocrx_word' id='word_1_489' title='bbox 2658 1834 2716 1886; x_wconf 89' lang='lat' dir='ltr'>ut</span> <span class='ocrx_word' id='word_1_490' title='bbox 2755 1831 3003 1888; x_wconf 90' lang='lat' dir='ltr'>ostendit</span> <span class='ocrx_word' id='word_1_491' title='bbox 3049 1834 3116 1889; x_wconf 91' lang='lat' dir='ltr'>D.</span> 
     </span>
     <span class='ocr_line' id='line_1_72' title="bbox 1756 1913 3384 1989; baseline 0.001 -21"><span class='ocrx_word' id='word_1_492' title='bbox 1756 1914 1961 1969; x_wconf 88' lang='lat' dir='ltr'>Thom.</span> <span class='ocrx_word' id='word_1_493' title='bbox 1988 1928 2162 1984; x_wconf 90' lang='lat' dir='ltr'>supra</span> <span class='ocrx_word' id='word_1_494' title='bbox 2184 1917 2366 1989; x_wconf 68' lang='lat' dir='ltr'>quaest.</span> <span class='ocrx_word' id='word_1_495' title='bbox 2392 1914 2484 1977; x_wconf 87' lang='grc'>21,</span> <span class='ocrx_word' id='word_1_496' title='bbox 2516 1918 2626 1967; x_wconf 87' lang='lat' dir='ltr'>art.</span> <span class='ocrx_word' id='word_1_497' title='bbox 2653 1913 2688 1966; x_wconf 87' lang='grc'><strong>3</strong></span> <span class='ocrx_word' id='word_1_498' title='bbox 2708 1923 2756 1968; x_wconf 83' lang='lat' dir='ltr'>et</span> <span class='ocrx_word' id='word_1_499' title='bbox 2784 1916 2841 1969; x_wconf 88' lang='lat'>4.</span> <span class='ocrx_word' id='word_1_500' title='bbox 2874 1915 3118 1970; x_wconf 77' lang='lat' dir='ltr'>Antece-</span> <span class='ocrx_word' id='word_1_501' title='bbox 3132 1920 3184 1961; x_wconf 84' lang='lat' dir='ltr'>D·</span> <span class='ocrx_word' id='word_1_502' title='bbox 3207 1919 3322 1964; x_wconf 73' lang='grc' dir='ltr'>Ἠιο-</span> <span class='ocrx_word' id='word_1_503' title='bbox 3381 1951 3384 1952; x_wconf 27' lang='lat'><em>⁷</em></span> 
     </span>
     <span class='ocr_line' id='line_1_73' title="bbox 1756 1989 3122 2058; baseline -0.001 -9"><span class='ocrx_word' id='word_1_504' title='bbox 1756 1992 1899 2049; x_wconf 92' lang='lat' dir='ltr'>dens</span> <span class='ocrx_word' id='word_1_505' title='bbox 1928 2008 2066 2049; x_wconf 84' lang='lat' dir='ltr'>vero</span> <span class='ocrx_word' id='word_1_506' title='bbox 2092 1989 2364 2047; x_wconf 89' lang='lat' dir='ltr'>suadetur</span> <span class='ocrx_word' id='word_1_507' title='bbox 2389 2014 2402 2058; x_wconf 80' lang='lat'>3</span> <span class='ocrx_word' id='word_1_508' title='bbox 2435 2006 2571 2046; x_wconf 91' lang='lat' dir='ltr'>nam</span> <span class='ocrx_word' id='word_1_509' title='bbox 2620 1990 2847 2049; x_wconf 87' lang='lat' dir='ltr'>bonitas</span> <span class='ocrx_word' id='word_1_510' title='bbox 2875 1992 3122 2050; x_wconf 86' lang='lat' dir='ltr'>moralis</span> 
     </span>
     <span class='ocr_line' id='line_1_74' title="bbox 1758 2073 3140 2147; baseline 0 -15"><span class='ocrx_word' id='word_1_511' title='bbox 1758 2077 2034 2147; x_wconf 86' lang='lat' dir='ltr'>importat</span> <span class='ocrx_word' id='word_1_512' title='bbox 2063 2073 2418 2131; x_wconf 89' lang='lat' dir='ltr'>tendentiam</span> <span class='ocrx_word' id='word_1_513' title='bbox 2442 2073 2748 2146; x_wconf 85' lang='lat' dir='ltr'>positivam</span> <span class='ocrx_word' id='word_1_514' title='bbox 2779 2074 2847 2132; x_wconf 90' lang='lat' dir='ltr'>ad</span> <span class='ocrx_word' id='word_1_515' title='bbox 2895 2075 3140 2147; x_wconf 57' lang='lat' dir='ltr'>aliquid&gt;</span> 
     </span>
     <span class='ocr_line' id='line_1_75' title="bbox 1757 2150 3116 2228; baseline -0.001 -13"><span class='ocrx_word' id='word_1_516' title='bbox 1757 2172 2072 2215; x_wconf 88' lang='lat' dir='ltr'>consonum</span> <span class='ocrx_word' id='word_1_517' title='bbox 2121 2154 2352 2224; x_wconf 89' lang='lat' dir='ltr'>rationi,</span> <span class='ocrx_word' id='word_1_518' title='bbox 2404 2161 2459 2213; x_wconf 88' lang='lat' dir='ltr'>et</span> <span class='ocrx_word' id='word_1_519' title='bbox 2496 2150 2736 2212; x_wconf 85' lang='lat' dir='ltr'>modum</span> <span class='ocrx_word' id='word_1_520' title='bbox 2802 2156 3116 2228; x_wconf 85' lang='lat' dir='ltr'>positivum</span> 
     </span>
     <span class='ocr_line' id='line_1_76' title="bbox 1756 2235 3123 2309; baseline 0 -16"><span class='ocrx_word' id='word_1_521' title='bbox 1756 2237 2197 2304; x_wconf 77' lang='lat' dir='ltr'>conformitatis,</span> <span class='ocrx_word' id='word_1_522' title='bbox 2212 2243 2267 2294; x_wconf 90' lang='lat' dir='ltr'>et</span> <span class='ocrx_word' id='word_1_523' title='bbox 2286 2236 2702 2292; x_wconf 73' lang='lat' dir='ltr'>convenientiae</span> <span class='ocrx_word' id='word_1_524' title='bbox 2723 2235 2793 2292; x_wconf 89' lang='lat' dir='ltr'>ad</span> <span class='ocrx_word' id='word_1_525' title='bbox 2811 2236 2996 2309; x_wconf 85' lang='lat' dir='ltr'>ipsam</span> <span class='ocrx_word' id='word_1_526' title='bbox 3023 2254 3123 2293; x_wconf 87' lang='lat' dir='ltr'>ra·-</span> 
     </span>
     <span class='ocr_line' id='line_1_77' title="bbox 1756 2318 3121 2393; baseline 0.001 -18"><span class='ocrx_word' id='word_1_527' title='bbox 1756 2320 2013 2386; x_wconf 87' lang='lat' dir='ltr'>tionem;</span> <span class='ocrx_word' id='word_1_528' title='bbox 2041 2319 2191 2377; x_wconf 89' lang='lat' dir='ltr'>unde</span> <span class='ocrx_word' id='word_1_529' title='bbox 2235 2320 2357 2376; x_wconf 88' lang='lat' dir='ltr'>sola</span> <span class='ocrx_word' id='word_1_530' title='bbox 2403 2318 2776 2375; x_wconf 76' lang='lat' dir='ltr'>conformitas</span> <span class='ocrx_word' id='word_1_531' title='bbox 2831 2321 3121 2393; x_wconf 86' lang='lat' dir='ltr'>negativa,</span> 
     </span>
     <span class='ocr_line' id='line_1_78' title="bbox 1758 2400 3123 2475; baseline 0.001 -17"><span class='ocrx_word' id='word_1_532' title='bbox 1758 2402 1865 2458; x_wconf 90' lang='lat' dir='ltr'>hoc</span> <span class='ocrx_word' id='word_1_533' title='bbox 1890 2406 1973 2457; x_wconf 92' lang='lat' dir='ltr'>est</span> <span class='ocrx_word' id='word_1_534' title='bbox 2000 2417 2118 2458; x_wconf 91' lang='lat' dir='ltr'>non</span> <span class='ocrx_word' id='word_1_535' title='bbox 2159 2400 2540 2475; x_wconf 85' lang='lat' dir='ltr'>repugnantia</span> <span class='ocrx_word' id='word_1_536' title='bbox 2567 2400 2636 2456; x_wconf 87' lang='lat' dir='ltr'>ad</span> <span class='ocrx_word' id='word_1_537' title='bbox 2683 2401 2987 2467; x_wconf 89' lang='lat' dir='ltr'>rationem,</span> <span class='ocrx_word' id='word_1_538' title='bbox 3014 2419 3123 2459; x_wconf 87' lang='lat' dir='ltr'>ne—</span> 
     </span>
     <span class='ocr_line' id='line_1_79' title="bbox 1758 2483 3125 2556; baseline 0.002 -18"><span class='ocrx_word' id='word_1_539' title='bbox 1758 2499 2046 2556; x_wconf 87' lang='lat' dir='ltr'>quaquam</span> <span class='ocrx_word' id='word_1_540' title='bbox 2064 2484 2270 2540; x_wconf 83' lang='lat' dir='ltr'>sufficit</span> <span class='ocrx_word' id='word_1_541' title='bbox 2292 2483 2361 2539; x_wconf 90' lang='lat' dir='ltr'>ad</span> <span class='ocrx_word' id='word_1_542' title='bbox 2391 2486 2672 2541; x_wconf 89' lang='lat' dir='ltr'>moralem</span> <span class='ocrx_word' id='word_1_543' title='bbox 2696 2483 3031 2550; x_wconf 89' lang='lat' dir='ltr'>bonitatem,</span> <span class='ocrx_word' id='word_1_544' title='bbox 3059 2490 3125 2541; x_wconf 91' lang='lat' dir='ltr'>ut</span> 
     </span>
     <span class='ocr_line' id='line_1_80' title="bbox 1761 2563 3122 2638; baseline 0.001 -18"><span class='ocrx_word' id='word_1_545' title='bbox 1761 2570 1911 2638; x_wconf 88' lang='lat' dir='ltr'>patet</span> <span class='ocrx_word' id='word_1_546' title='bbox 1941 2566 2003 2619; x_wconf 91' lang='lat' dir='ltr'>in</span> <span class='ocrx_word' id='word_1_547' title='bbox 2032 2570 2154 2620; x_wconf 91' lang='lat' dir='ltr'>actu</span> <span class='ocrx_word' id='word_1_548' title='bbox 2198 2564 2572 2630; x_wconf 80' lang='lat' dir='ltr'>indifferenti,</span> <span class='ocrx_word' id='word_1_549' title='bbox 2599 2563 2696 2636; x_wconf 88' lang='lat' dir='ltr'>qui</span> <span class='ocrx_word' id='word_1_550' title='bbox 2725 2563 2863 2619; x_wconf 87' lang='lat' dir='ltr'>dicit</span> <span class='ocrx_word' id='word_1_551' title='bbox 2903 2579 3122 2621; x_wconf 87' lang='lat' dir='ltr'>conve-</span> 
     </span>
     <span class='ocr_line' id='line_1_81' title="bbox 1759 2644 3126 2720; baseline 0.003 -19"><span class='ocrx_word' id='word_1_552' title='bbox 1759 2644 2042 2703; x_wconf 88' lang='lat' dir='ltr'>nientiam</span> <span class='ocrx_word' id='word_1_553' title='bbox 2072 2646 2142 2702; x_wconf 93' lang='lat' dir='ltr'>ad</span> <span class='ocrx_word' id='word_1_554' title='bbox 2172 2647 2338 2703; x_wconf 87' lang='lat' dir='ltr'>illam</span> <span class='ocrx_word' id='word_1_555' title='bbox 2380 2647 2731 2720; x_wconf 81' lang='lat' dir='ltr'>negativam,</span> <span class='ocrx_word' id='word_1_556' title='bbox 2759 2647 2862 2703; x_wconf 89' lang='lat' dir='ltr'>hoc</span> <span class='ocrx_word' id='word_1_557' title='bbox 2890 2653 2973 2703; x_wconf 87' lang='lat' dir='ltr'>est</span> <span class='ocrx_word' id='word_1_558' title='bbox 3004 2663 3126 2705; x_wconf 90' lang='lat' dir='ltr'>non</span> 
     </span>
     <span class='ocr_line' id='line_1_82' title="bbox 1759 2727 3121 2801; baseline 0.001 -18"><span class='ocrx_word' id='word_1_559' title='bbox 1759 2729 2198 2801; x_wconf 79' lang='lat' dir='ltr'>repugnantiam</span> <span class='ocrx_word' id='word_1_560' title='bbox 2231 2751 2244 2795; x_wconf 79' lang='lat'><em>3</em></span> <span class='ocrx_word' id='word_1_561' title='bbox 2275 2733 2327 2784; x_wconf 89' lang='lat' dir='ltr'>et</span> <span class='ocrx_word' id='word_1_562' title='bbox 2380 2733 2576 2783; x_wconf 87' lang='lat' dir='ltr'>tamen</span> <span class='ocrx_word' id='word_1_563' title='bbox 2631 2744 2749 2785; x_wconf 92' lang='lat' dir='ltr'>non</span> <span class='ocrx_word' id='word_1_564' title='bbox 2796 2734 2880 2784; x_wconf 91' lang='lat' dir='ltr'>est</span> <span class='ocrx_word' id='word_1_565' title='bbox 2933 2727 3121 2786; x_wconf 85' lang='lat' dir='ltr'>bonus</span> 
     </span>
     <span class='ocr_line' id='line_1_83' title="bbox 1758 2804 3124 2882; baseline 0.001 -18"><span class='ocrx_word' id='word_1_566' title='bbox 1758 2809 2100 2865; x_wconf 88' lang='lat' dir='ltr'>moraliter:</span> <span class='ocrx_word' id='word_1_567' title='bbox 2133 2814 2189 2864; x_wconf 90' lang='lat' dir='ltr'>at</span> <span class='ocrx_word' id='word_1_568' title='bbox 2243 2809 2488 2882; x_wconf 87' lang='lat' dir='ltr'>positiva</span> <span class='ocrx_word' id='word_1_569' title='bbox 2529 2804 2845 2874; x_wconf 86' lang='lat' dir='ltr'>tendentia,</span> <span class='ocrx_word' id='word_1_570' title='bbox 2899 2814 2955 2865; x_wconf 85' lang='lat' dir='ltr'>et</span> <span class='ocrx_word' id='word_1_571' title='bbox 3004 2825 3124 2868; x_wconf 91' lang='lat' dir='ltr'>non</span> 
     </span>
     <span class='ocr_line' id='line_1_84' title="bbox 1758 2891 3126 2965; baseline 0.001 -17"><span class='ocrx_word' id='word_1_572' title='bbox 1758 2892 2162 2949; x_wconf 84' lang='lat' dir='ltr'>convenientia</span> <span class='ocrx_word' id='word_1_573' title='bbox 2183 2892 2252 2949; x_wconf 88' lang='lat' dir='ltr'>ad</span> <span class='ocrx_word' id='word_1_574' title='bbox 2279 2893 2781 2965; x_wconf 86' lang='lat' dir='ltr'>rationem,nequit</span> <span class='ocrx_word' id='word_1_575' title='bbox 2805 2891 3038 2950; x_wconf 83' lang='lat' dir='ltr'>fundari</span> <span class='ocrx_word' id='word_1_576' title='bbox 3061 2893 3126 2950; x_wconf 85' lang='lat' dir='ltr'>in</span> 
     </span>
     <span class='ocr_line' id='line_1_85' title="bbox 1757 2972 3120 3042; baseline 0.001 -13"><span class='ocrx_word' id='word_1_577' title='bbox 1757 2976 1880 3030; x_wconf 88' lang='lat' dir='ltr'>sola</span> <span class='ocrx_word' id='word_1_578' title='bbox 1907 2973 2249 3040; x_wconf 83' lang='lat' dir='ltr'>omissione3</span> <span class='ocrx_word' id='word_1_579' title='bbox 2281 2989 2410 3029; x_wconf 87' lang='lat' dir='ltr'>cum</span> <span class='ocrx_word' id='word_1_580' title='bbox 2434 2972 2553 3029; x_wconf 83' lang='lat' dir='ltr'>haec</span> <span class='ocrx_word' id='word_1_581' title='bbox 2573 2974 2648 3030; x_wconf 89' lang='lat' dir='ltr'>sit</span> <span class='ocrx_word' id='word_1_582' title='bbox 2685 2974 2808 3030; x_wconf 91' lang='lat' dir='ltr'>sola</span> <span class='ocrx_word' id='word_1_583' title='bbox 2847 2975 3120 3042; x_wconf 87' lang='lat' dir='ltr'>carentia,</span> 
     </span>
     <span class='ocr_line' id='line_1_86' title="bbox 1758 3053 2558 3126; baseline -0.001 -16"><span class='ocrx_word' id='word_1_584' title='bbox 1758 3060 1815 3111; x_wconf 90' lang='lat' dir='ltr'>et</span> <span class='ocrx_word' id='word_1_585' title='bbox 1840 3053 1975 3126; x_wconf 90' lang='lat' dir='ltr'>quid</span> <span class='ocrx_word' id='word_1_586' title='bbox 2006 3053 2336 3126; x_wconf 85' lang='lat' dir='ltr'>negativum</span> <span class='ocrx_word' id='word_1_587' title='bbox 2366 3074 2378 3107; x_wconf 72' lang='grc' dir='ltr'><strong>ε</strong></span> <span class='ocrx_word' id='word_1_588' title='bbox 2403 3068 2558 3126; x_wconf 75' lang='lat' dir='ltr'>ergo,</span> 
     </span>
    </p>

    <p class='ocr_par' dir='ltr' id='par_1_20' title="bbox 1760 3131 3319 4097">
     <span class='ocr_line' id='line_1_87' title="bbox 1836 3131 3316 3204; baseline 0.005 -18"><span class='ocrx_word' id='word_1_589' title='bbox 1836 3131 2224 3189; x_wconf 84' lang='lat' dir='ltr'>confirmatur</span> <span class='ocrx_word' id='word_1_590' title='bbox 2250 3148 2322 3188; x_wconf 85' lang='lat' dir='ltr'>ex</span> <span class='ocrx_word' id='word_1_591' title='bbox 2343 3131 2698 3195; x_wconf 88' lang='lat' dir='ltr'>discrimine,</span> <span class='ocrx_word' id='word_1_592' title='bbox 2742 3131 2892 3204; x_wconf 90' lang='lat' dir='ltr'>quod</span> <span class='ocrx_word' id='word_1_593' title='bbox 2936 3134 3124 3190; x_wconf 89' lang='lat' dir='ltr'>inter-</span> <span class='ocrx_word' id='word_1_594' title='bbox 3153 3149 3316 3194; x_wconf 72' lang='lat' dir='ltr'>conar-</span> 
     </span>
     <span class='ocr_line' id='line_1_88' title="bbox 1760 3202 3319 3301; baseline 0.001 -33"><span class='ocrx_word' id='word_1_595' title='bbox 1760 3210 1907 3268; x_wconf 90' lang='lat' dir='ltr'>cedit</span> <span class='ocrx_word' id='word_1_596' title='bbox 1928 3212 2080 3268; x_wconf 89' lang='lat' dir='ltr'>inter</span> <span class='ocrx_word' id='word_1_597' title='bbox 2109 3211 2481 3268; x_wconf 90' lang='lat' dir='ltr'>omissionem</span> <span class='ocrx_word' id='word_1_598' title='bbox 2521 3208 2751 3277; x_wconf 87' lang='lat' dir='ltr'>bonam,</span> <span class='ocrx_word' id='word_1_599' title='bbox 2780 3219 2835 3268; x_wconf 92' lang='lat' dir='ltr'>et</span> <span class='ocrx_word' id='word_1_600' title='bbox 2863 3214 3121 3280; x_wconf 87' lang='lat' dir='ltr'>malam;</span> <span class='ocrx_word' id='word_1_601' title='bbox 3162 3202 3319 3301; x_wconf 41' lang='lat'>3²32}</span> 
     </span>
     <span class='ocr_line' id='line_1_89' title="bbox 1763 3289 3122 3359; baseline 0.001 -13"><span class='ocrx_word' id='word_1_602' title='bbox 1763 3307 1901 3346; x_wconf 70' lang='lat' dir='ltr'>nam</span> <span class='ocrx_word' id='word_1_603' title='bbox 1929 3289 2149 3357; x_wconf 75' lang='lat' dir='ltr'>adhoc,</span> <span class='ocrx_word' id='word_1_604' title='bbox 2178 3297 2239 3346; x_wconf 90' lang='lat' dir='ltr'>ut</span> <span class='ocrx_word' id='word_1_605' title='bbox 2278 3289 2513 3347; x_wconf 88' lang='lat' dir='ltr'>omissio</span> <span class='ocrx_word' id='word_1_606' title='bbox 2551 3290 2626 3344; x_wconf 91' lang='lat' dir='ltr'>sit</span> <span class='ocrx_word' id='word_1_607' title='bbox 2654 3291 2824 3354; x_wconf 88' lang='lat' dir='ltr'>mala,</span> <span class='ocrx_word' id='word_1_608' title='bbox 2855 3293 2991 3348; x_wconf 89' lang='lat' dir='ltr'>satis</span> <span class='ocrx_word' id='word_1_609' title='bbox 3018 3296 3122 3359; x_wconf 88' lang='lat' dir='ltr'>est,</span> 
     </span>
     <span class='ocr_line' id='line_1_90' title="bbox 1762 3368 3131 3444; baseline 0.003 -18"><span class='ocrx_word' id='word_1_610' title='bbox 1762 3368 1911 3444; x_wconf 91' lang='lat' dir='ltr'>quod</span> <span class='ocrx_word' id='word_1_611' title='bbox 1940 3372 2241 3427; x_wconf 88' lang='lat' dir='ltr'>omittatur</span> <span class='ocrx_word' id='word_1_612' title='bbox 2262 3377 2417 3427; x_wconf 89' lang='lat' dir='ltr'>actus</span> <span class='ocrx_word' id='word_1_613' title='bbox 2437 3369 2682 3437; x_wconf 76' lang='lat' dir='ltr'>debituS,</span> <span class='ocrx_word' id='word_1_614' title='bbox 2715 3372 2838 3428; x_wconf 81' lang='lat' dir='ltr'>sive</span> <span class='ocrx_word' id='word_1_615' title='bbox 2879 3373 2985 3429; x_wconf 86' lang='lat' dir='ltr'>h‘oc</span> <span class='ocrx_word' id='word_1_616' title='bbox 3029 3372 3131 3430; x_wconf 89' lang='lat' dir='ltr'>fiat</span> 
     </span>
     <span class='ocr_line' id='line_1_91' title="bbox 1762 3450 3129 3521; baseline 0.002 -11"><span class='ocrx_word' id='word_1_617' title='bbox 1762 3469 1835 3510; x_wconf 82' lang='lat' dir='ltr'>ex</span> <span class='ocrx_word' id='word_1_618' title='bbox 1862 3450 2010 3509; x_wconf 91' lang='lat' dir='ltr'>hono</span> <span class='ocrx_word' id='word_1_619' title='bbox 2029 3452 2265 3519; x_wconf 87' lang='lat' dir='ltr'>motivo,</span> <span class='ocrx_word' id='word_1_620' title='bbox 2291 3454 2413 3509; x_wconf 88' lang='lat' dir='ltr'>sive</span> <span class='ocrx_word' id='word_1_621' title='bbox 2434 3469 2504 3509; x_wconf 87' lang='lat' dir='ltr'>ex</span> <span class='ocrx_word' id='word_1_622' title='bbox 2534 3454 2705 3521; x_wconf 89' lang='lat' dir='ltr'>ma10,</span> <span class='ocrx_word' id='word_1_623' title='bbox 2736 3453 2858 3509; x_wconf 84' lang='lat' dir='ltr'>sive</span> <span class='ocrx_word' id='word_1_624' title='bbox 2884 3471 2955 3511; x_wconf 79' lang='lat' dir='ltr'>ex</span> <span class='ocrx_word' id='word_1_625' title='bbox 2984 3457 3129 3513; x_wconf 92' lang='lat' dir='ltr'>nul-</span> 
     </span>
     <span class='ocr_line' id='line_1_92' title="bbox 1766 3533 3131 3613; baseline 0.002 -24"><span class='ocrx_word' id='word_1_626' title='bbox 1766 3534 1851 3600; x_wconf 88' lang='lat' dir='ltr'>lo;</span> <span class='ocrx_word' id='word_1_627' title='bbox 1875 3533 2007 3605; x_wconf 87' lang='lat' dir='ltr'>quia</span> <span class='ocrx_word' id='word_1_628' title='bbox 2021 3536 2234 3590; x_wconf 85' lang='lat' dir='ltr'>malum</span> <span class='ocrx_word' id='word_1_629' title='bbox 2254 3552 2324 3589; x_wconf 70' lang='lat' dir='ltr'>ea:</span> <span class='ocrx_word' id='word_1_630' title='bbox 2345 3552 2676 3613; x_wconf 77' lang='lat' dir='ltr'>quocumque</span> <span class='ocrx_word' id='word_1_631' title='bbox 2696 3534 2906 3608; x_wconf 81' lang='lat' dir='ltr'>defectu</span> <span class='ocrx_word' id='word_1_632' title='bbox 2932 3554 2950 3588; x_wconf 93' lang='grc'>.·</span> <span class='ocrx_word' id='word_1_633' title='bbox 2978 3541 3035 3591; x_wconf 90' lang='lat' dir='ltr'>at</span> <span class='ocrx_word' id='word_1_634' title='bbox 3067 3540 3131 3592; x_wconf 89' lang='lat' dir='ltr'>ut</span> 
     </span>
     <span class='ocr_line' id='line_1_93' title="bbox 1764 3615 3135 3682; baseline 0.004 -10"><span class='ocrx_word' id='word_1_635' title='bbox 1764 3616 2003 3672; x_wconf 88' lang='lat' dir='ltr'>omissio</span> <span class='ocrx_word' id='word_1_636' title='bbox 2030 3616 2103 3672; x_wconf 88' lang='lat' dir='ltr'>sit</span> <span class='ocrx_word' id='word_1_637' title='bbox 2159 3615 2330 3682; x_wconf 89' lang='lat' dir='ltr'>bona,</span> <span class='ocrx_word' id='word_1_638' title='bbox 2382 3633 2500 3673; x_wconf 86' lang='lat' dir='ltr'>non</span> <span class='ocrx_word' id='word_1_639' title='bbox 2548 3621 2632 3675; x_wconf 93' lang='lat' dir='ltr'>est</span> <span class='ocrx_word' id='word_1_640' title='bbox 2676 3618 2812 3675; x_wconf 86' lang='lat' dir='ltr'>satis</span> <span class='ocrx_word' id='word_1_641' title='bbox 2865 3619 3135 3677; x_wconf 86' lang='lat' dir='ltr'>omittere</span> 
     </span>
     <span class='ocr_line' id='line_1_94' title="bbox 1765 3697 3134 3769; baseline 0.002 -16"><span class='ocrx_word' id='word_1_642' title='bbox 1765 3702 1953 3753; x_wconf 89' lang='lat' dir='ltr'>actum</span> <span class='ocrx_word' id='word_1_643' title='bbox 1985 3697 2363 3769; x_wconf 88' lang='lat' dir='ltr'>prohibitum,</span> <span class='ocrx_word' id='word_1_644' title='bbox 2396 3699 2493 3754; x_wconf 88' lang='lat' dir='ltr'>sed</span> <span class='ocrx_word' id='word_1_645' title='bbox 2514 3698 2680 3756; x_wconf 85' lang='lat' dir='ltr'>debet</span> <span class='ocrx_word' id='word_1_646' title='bbox 2701 3699 2891 3757; x_wconf 87' lang='lat' dir='ltr'>omitti</span> <span class='ocrx_word' id='word_1_647' title='bbox 2920 3716 2989 3756; x_wconf 87' lang='lat' dir='ltr'>ex</span> <span class='ocrx_word' id='word_1_648' title='bbox 3014 3701 3134 3757; x_wconf 89' lang='lat' dir='ltr'>ali-</span> 
     </span>
     <span class='ocr_line' id='line_1_95' title="bbox 1764 3775 3135 3848; baseline 0.003 -16"><span class='ocrx_word' id='word_1_649' title='bbox 1764 3793 1876 3848; x_wconf 92' lang='lat' dir='ltr'>quo</span> <span class='ocrx_word' id='word_1_650' title='bbox 1899 3775 2048 3833; x_wconf 90' lang='lat' dir='ltr'>bono</span> <span class='ocrx_word' id='word_1_651' title='bbox 2075 3778 2325 3845; x_wconf 77' lang='lat' dir='ltr'>mot1v0;</span> <span class='ocrx_word' id='word_1_652' title='bbox 2350 3779 2548 3835; x_wconf 76' lang='lat' dir='ltr'>bonum</span> <span class='ocrx_word' id='word_1_653' title='bbox 2587 3783 2733 3836; x_wconf 84' lang='lat' dir='ltr'>enim</span> <span class='ocrx_word' id='word_1_654' title='bbox 2767 3799 2876 3836; x_wconf 79' lang='lat' dir='ltr'>non</span> <span class='ocrx_word' id='word_1_655' title='bbox 2901 3794 3135 3837; x_wconf 82' lang='lat' dir='ltr'>consur-</span> 
     </span>
     <span class='ocr_line' id='line_1_96' title="bbox 1763 3860 3132 3930; baseline 0.006 -18"><span class='ocrx_word' id='word_1_656' title='bbox 1763 3860 1860 3930; x_wconf 79' lang='lat' dir='ltr'>9it,</span> <span class='ocrx_word' id='word_1_657' title='bbox 1886 3860 1997 3913; x_wconf 74' lang='lat' dir='ltr'>nisi</span> <span class='ocrx_word' id='word_1_658' title='bbox 2020 3875 2092 3913; x_wconf 67' lang='grc' dir='ltr'>ω)</span> <span class='ocrx_word' id='word_1_659' title='bbox 2111 3861 2321 3930; x_wconf 65' lang='lat' dir='ltr'>intem-a</span> <span class='ocrx_word' id='word_1_660' title='bbox 2344 3878 2512 3916; x_wconf 83' lang='lat' dir='ltr'>causa</span> <span class='ocrx_word' id='word_1_661' title='bbox 2534 3879 2553 3913; x_wconf 91' lang='grc'>.·</span> <span class='ocrx_word' id='word_1_662' title='bbox 2572 3862 2720 3918; x_wconf 89' lang='lat' dir='ltr'>sicut</span> <span class='ocrx_word' id='word_1_663' title='bbox 2764 3862 2940 3917; x_wconf 87' lang='lat' dir='ltr'>etiam</span> <span class='ocrx_word' id='word_1_664' title='bbox 2964 3861 3132 3920; x_wconf 89' lang='lat' dir='ltr'>vide-</span> 
     </span>
     <span class='ocr_line' id='line_1_97' title="bbox 1767 3937 3128 4013; baseline 0.003 -18"><span class='ocrx_word' id='word_1_665' title='bbox 1767 3955 1915 4005; x_wconf 88' lang='lat' dir='ltr'>mus,</span> <span class='ocrx_word' id='word_1_666' title='bbox 1942 3937 2091 4011; x_wconf 90' lang='lat' dir='ltr'>quod</span> <span class='ocrx_word' id='word_1_667' title='bbox 2119 3946 2181 3995; x_wconf 88' lang='lat' dir='ltr'>ut</span> <span class='ocrx_word' id='word_1_668' title='bbox 2207 3946 2362 3996; x_wconf 87' lang='lat' dir='ltr'>actus</span> <span class='ocrx_word' id='word_1_669' title='bbox 2392 3941 2666 4013; x_wconf 86' lang='lat' dir='ltr'>positivus</span> <span class='ocrx_word' id='word_1_670' title='bbox 2691 3942 2765 3998; x_wconf 89' lang='lat' dir='ltr'>sit</span> <span class='ocrx_word' id='word_1_671' title='bbox 2793 3944 3000 4008; x_wconf 75' lang='lat' dir='ltr'>maluS,</span> <span class='ocrx_word' id='word_1_672' title='bbox 3027 3959 3128 3999; x_wconf 89' lang='lat' dir='ltr'>sa-</span> 
     </span>
     <span class='ocr_line' id='line_1_98' title="bbox 1766 4022 3128 4097; baseline 0.003 -19"><span class='ocrx_word' id='word_1_673' title='bbox 1766 4023 1841 4078; x_wconf 90' lang='lat' dir='ltr'>tis</span> <span class='ocrx_word' id='word_1_674' title='bbox 1866 4027 1968 4087; x_wconf 87' lang='lat' dir='ltr'>est,</span> <span class='ocrx_word' id='word_1_675' title='bbox 1996 4022 2146 4094; x_wconf 88' lang='lat' dir='ltr'>quod</span> <span class='ocrx_word' id='word_1_676' title='bbox 2169 4023 2258 4079; x_wconf 87' lang='lat' dir='ltr'>vel</span> <span class='ocrx_word' id='word_1_677' title='bbox 2279 4022 2354 4078; x_wconf 91' lang='lat' dir='ltr'>sit</span> <span class='ocrx_word' id='word_1_678' title='bbox 2374 4025 2523 4079; x_wconf 88' lang='lat' dir='ltr'>circa</span> <span class='ocrx_word' id='word_1_679' title='bbox 2550 4024 2829 4097; x_wconf 88' lang='lat' dir='ltr'>objectum</span> <span class='ocrx_word' id='word_1_680' title='bbox 2881 4027 3128 4092; x_wconf 92' lang='lat' dir='ltr'>malum,</span> 
     </span>
    </p>
   </div>
   <div class='ocr_carea' id='block_1_18' title="bbox 1764 4109 3324 5078">
    <p class='ocr_par' dir='ltr' id='par_1_21' title="bbox 1765 4109 3324 4985">
     <span class='ocr_line' id='line_1_99' title="bbox 1765 4109 3129 4185; baseline 0.005 -20"><span class='ocrx_word' id='word_1_681' title='bbox 1765 4110 2029 4183; x_wconf 88' lang='lat' dir='ltr'>quamvis</span> <span class='ocrx_word' id='word_1_682' title='bbox 2052 4116 2283 4183; x_wconf 90' lang='lat' dir='ltr'>propter</span> <span class='ocrx_word' id='word_1_683' title='bbox 2309 4109 2485 4168; x_wconf 85' lang='lat' dir='ltr'>finem</span> <span class='ocrx_word' id='word_1_684' title='bbox 2515 4137 2528 4179; x_wconf 72' lang='grc' dir='ltr'>ς</span> <span class='ocrx_word' id='word_1_685' title='bbox 2562 4114 2653 4170; x_wconf 89' lang='lat' dir='ltr'>vel</span> <span class='ocrx_word' id='word_1_686' title='bbox 2683 4118 2915 4185; x_wconf 90' lang='lat' dir='ltr'>propter</span> <span class='ocrx_word' id='word_1_687' title='bbox 2946 4112 3129 4171; x_wconf 89' lang='lat' dir='ltr'>finem</span> 
     </span>
     <span class='ocr_line' id='line_1_100' title="bbox 1769 4193 3133 4269; baseline 0.004 -21"><span class='ocrx_word' id='word_1_688' title='bbox 1769 4193 2011 4258; x_wconf 87' lang='lat' dir='ltr'>malum,</span> <span class='ocrx_word' id='word_1_689' title='bbox 2049 4193 2312 4264; x_wconf 89' lang='lat' dir='ltr'>quamvis</span> <span class='ocrx_word' id='word_1_690' title='bbox 2338 4193 2487 4249; x_wconf 90' lang='lat' dir='ltr'>circa</span> <span class='ocrx_word' id='word_1_691' title='bbox 2539 4193 2756 4251; x_wconf 89' lang='lat' dir='ltr'>bonum</span> <span class='ocrx_word' id='word_1_692' title='bbox 2798 4194 3080 4269; x_wconf 86' lang='lat' dir='ltr'>objectum</span> <span class='ocrx_word' id='word_1_693' title='bbox 3117 4217 3133 4253; x_wconf 77' lang='grc' dir='ltr'><em>τ</em></span> 
     </span>
     <span class='ocr_line' id='line_1_101' title="bbox 1768 4273 3123 4346; baseline 0.004 -17"><span class='ocrx_word' id='word_1_694' title='bbox 1768 4280 1831 4329; x_wconf 91' lang='lat' dir='ltr'>ut</span> <span class='ocrx_word' id='word_1_695' title='bbox 1858 4289 1995 4330; x_wconf 79' lang='lat' dir='ltr'>vero</span> <span class='ocrx_word' id='word_1_696' title='bbox 2040 4273 2341 4346; x_wconf 65' lang='lat' dir='ltr'>praedictus</span> <span class='ocrx_word' id='word_1_697' title='bbox 2361 4280 2515 4330; x_wconf 90' lang='lat' dir='ltr'>actus</span> <span class='ocrx_word' id='word_1_698' title='bbox 2560 4275 2636 4331; x_wconf 91' lang='lat' dir='ltr'>sit</span> <span class='ocrx_word' id='word_1_699' title='bbox 2663 4273 2863 4342; x_wconf 80' lang='lat' dir='ltr'>bonus„</span> <span class='ocrx_word' id='word_1_700' title='bbox 2898 4277 3123 4334; x_wconf 87' lang='lat' dir='ltr'>versari</span> 
     </span>
     <span class='ocr_line' id='line_1_102' title="bbox 1766 4353 3132 4428; baseline 0.004 -18"><span class='ocrx_word' id='word_1_701' title='bbox 1766 4353 1933 4411; x_wconf 88' lang='lat' dir='ltr'>debet</span> <span class='ocrx_word' id='word_1_702' title='bbox 1953 4356 2102 4412; x_wconf 85' lang='lat' dir='ltr'>circa</span> <span class='ocrx_word' id='word_1_703' title='bbox 2124 4354 2359 4421; x_wconf 92' lang='lat' dir='ltr'>bonum,</span> <span class='ocrx_word' id='word_1_704' title='bbox 2386 4360 2441 4412; x_wconf 89' lang='lat' dir='ltr'>et</span> <span class='ocrx_word' id='word_1_705' title='bbox 2463 4361 2694 4428; x_wconf 88' lang='lat' dir='ltr'>propter</span> <span class='ocrx_word' id='word_1_706' title='bbox 2715 4355 2949 4414; x_wconf 89' lang='lat' dir='ltr'>bonum.</span> <span class='ocrx_word' id='word_1_707' title='bbox 2966 4358 3132 4416; x_wconf 89' lang='lat' dir='ltr'>Unde</span> 
     </span>
     <span class='ocr_line' id='line_1_103' title="bbox 1767 4436 3324 4512; baseline 0.004 -19"><span class='ocrx_word' id='word_1_708' title='bbox 1767 4436 1907 4493; x_wconf 89' lang='lat' dir='ltr'>dicit</span> <span class='ocrx_word' id='word_1_709' title='bbox 1953 4437 2335 4510; x_wconf 84' lang='lat' dir='ltr'>Philosophus</span> <span class='ocrx_word' id='word_1_710' title='bbox 2379 4440 2415 4493; x_wconf 87' lang='grc'>2</span> <span class='ocrx_word' id='word_1_711' title='bbox 2443 4437 2629 4495; x_wconf 80' lang='lat' dir='ltr'>Etkic.</span> <span class='ocrx_word' id='word_1_712' title='bbox 2660 4457 2780 4512; x_wconf 82' lang='lat' dir='ltr'>cap.</span> <span class='ocrx_word' id='word_1_713' title='bbox 2807 4441 2860 4501; x_wconf 87' lang='grc'>4.</span> <span class='ocrx_word' id='word_1_714' title='bbox 2892 4440 3042 4512; x_wconf 84' lang='lat' dir='ltr'>quod</span> <span class='ocrx_word' id='word_1_715' title='bbox 3071 4446 3135 4498; x_wconf 90' lang='lat' dir='ltr'>ut</span> <span class='ocrx_word' id='word_1_716' title='bbox 3165 4442 3324 4488; x_wconf 70' lang='lat' dir='ltr'>Philos-</span> 
     </span>
     <span class='ocr_line' id='line_1_104' title="bbox 1769 4518 3135 4595; baseline 0.004 -18"><span class='ocrx_word' id='word_1_717' title='bbox 1769 4526 1924 4577; x_wconf 87' lang='lat' dir='ltr'>actus</span> <span class='ocrx_word' id='word_1_718' title='bbox 1968 4520 2042 4576; x_wconf 87' lang='lat' dir='ltr'>sit</span> <span class='ocrx_word' id='word_1_719' title='bbox 2067 4518 2269 4586; x_wconf 79' lang='lat' dir='ltr'>bonuS,</span> <span class='ocrx_word' id='word_1_720' title='bbox 2295 4526 2352 4578; x_wconf 89' lang='lat' dir='ltr'>et</span> <span class='ocrx_word' id='word_1_721' title='bbox 2372 4538 2511 4595; x_wconf 89' lang='lat' dir='ltr'>opus</span> <span class='ocrx_word' id='word_1_722' title='bbox 2541 4522 2793 4589; x_wconf 90' lang='lat' dir='ltr'>virtutis,</span> <span class='ocrx_word' id='word_1_723' title='bbox 2826 4525 2962 4579; x_wconf 89' lang='lat' dir='ltr'>satis</span> <span class='ocrx_word' id='word_1_724' title='bbox 3014 4541 3135 4583; x_wconf 91' lang='lat' dir='ltr'>non</span> 
     </span>
     <span class='ocr_line' id='line_1_105' title="bbox 1767 4601 3131 4675; baseline 0.003 -14"><span class='ocrx_word' id='word_1_725' title='bbox 1767 4607 1868 4669; x_wconf 86' lang='lat' dir='ltr'>est,</span> <span class='ocrx_word' id='word_1_726' title='bbox 1911 4601 2060 4675; x_wconf 89' lang='lat' dir='ltr'>quod</span> <span class='ocrx_word' id='word_1_727' title='bbox 2088 4606 2349 4659; x_wconf 88' lang='lat' dir='ltr'>versetur</span> <span class='ocrx_word' id='word_1_728' title='bbox 2376 4602 2524 4659; x_wconf 84' lang='lat' dir='ltr'>circa</span> <span class='ocrx_word' id='word_1_729' title='bbox 2553 4602 2789 4669; x_wconf 90' lang='lat' dir='ltr'>bonum,</span> <span class='ocrx_word' id='word_1_730' title='bbox 2818 4605 2930 4661; x_wconf 90' lang='lat' dir='ltr'>nisi</span> <span class='ocrx_word' id='word_1_731' title='bbox 2978 4606 3131 4665; x_wconf 84' lang='lat' dir='ltr'>circa</span> 
     </span>
     <span class='ocr_line' id='line_1_106' title="bbox 1769 4682 3130 4761; baseline 0.004 -21"><span class='ocrx_word' id='word_1_732' title='bbox 1769 4682 1915 4740; x_wconf 93' lang='lat' dir='ltr'>illud</span> <span class='ocrx_word' id='word_1_733' title='bbox 1944 4688 2203 4740; x_wconf 85' lang='lat' dir='ltr'>versetur</span> <span class='ocrx_word' id='word_1_734' title='bbox 2227 4701 2300 4739; x_wconf 75' lang='lat' dir='ltr'>ex</span> <span class='ocrx_word' id='word_1_735' title='bbox 2324 4686 2592 4750; x_wconf 75' lang='lat' dir='ltr'>electione,</span> <span class='ocrx_word' id='word_1_736' title='bbox 2613 4693 2663 4741; x_wconf 86' lang='lat' dir='ltr'>et</span> <span class='ocrx_word' id='word_1_737' title='bbox 2687 4694 2904 4760; x_wconf 71' lang='lat' dir='ltr'>propter</span> <span class='ocrx_word' id='word_1_738' title='bbox 2926 4690 3130 4761; x_wconf 63' lang='lat' dir='ltr'>ipsum</span> 
     </span>
     <span class='ocr_line' id='line_1_107' title="bbox 1771 4767 3134 4847; baseline 0.003 -22"><span class='ocrx_word' id='word_1_739' title='bbox 1771 4768 1829 4824; x_wconf 92' lang='lat' dir='ltr'>id</span> <span class='ocrx_word' id='word_1_740' title='bbox 1855 4772 1938 4825; x_wconf 87' lang='lat' dir='ltr'>est</span> <span class='ocrx_word' id='word_1_741' title='bbox 1961 4770 2193 4839; x_wconf 86' lang='lat' dir='ltr'>propter</span> <span class='ocrx_word' id='word_1_742' title='bbox 2237 4767 2452 4825; x_wconf 89' lang='lat' dir='ltr'>bonum</span> <span class='ocrx_word' id='word_1_743' title='bbox 2489 4790 2501 4824; x_wconf 78' lang='grc' dir='ltr'><strong><em>ε</em></strong></span> <span class='ocrx_word' id='word_1_744' title='bbox 2530 4768 2674 4826; x_wconf 90' lang='lat' dir='ltr'>sicut</span> <span class='ocrx_word' id='word_1_745' title='bbox 2702 4769 2772 4828; x_wconf 90' lang='lat' dir='ltr'>ad</span> <span class='ocrx_word' id='word_1_746' title='bbox 2800 4777 2987 4828; x_wconf 90' lang='lat' dir='ltr'>actum</span> <span class='ocrx_word' id='word_1_747' title='bbox 3005 4775 3134 4847; x_wconf 83' lang='lat' dir='ltr'>J’us-</span> 
     </span>
     <span class='ocr_line' id='line_1_108' title="bbox 1768 4848 3124 4925; baseline 0.004 -19"><span class='ocrx_word' id='word_1_748' title='bbox 1768 4848 1910 4906; x_wconf 82' lang='lat' dir='ltr'>titiae</span> <span class='ocrx_word' id='word_1_749' title='bbox 1949 4864 2066 4904; x_wconf 93' lang='lat' dir='ltr'>non</span> <span class='ocrx_word' id='word_1_750' title='bbox 2094 4853 2177 4904; x_wconf 87' lang='lat' dir='ltr'>est</span> <span class='ocrx_word' id='word_1_751' title='bbox 2210 4849 2536 4907; x_wconf 79' lang='lat' dir='ltr'>satisfacere</span> <span class='ocrx_word' id='word_1_752' title='bbox 2573 4853 2813 4925; x_wconf 83' lang='lat' dir='ltr'>justum,</span> <span class='ocrx_word' id='word_1_753' title='bbox 2861 4854 2973 4909; x_wconf 90' lang='lat' dir='ltr'>nisi</span> <span class='ocrx_word' id='word_1_754' title='bbox 3024 4853 3124 4912; x_wconf 85' lang='lat' dir='ltr'>fiat</span> 
     </span>
     <span class='ocr_line' id='line_1_109' title="bbox 1771 4931 1937 4985; baseline -0.006 0"><span class='ocrx_word' id='word_1_755' title='bbox 1771 4931 1937 4985; x_wconf 87' lang='lat' dir='ltr'>&#39;uste.</span> 
     </span>
    </p>

    <p class='ocr_par' dir='ltr' id='par_1_22' title="bbox 1764 4946 3125 5078">
     <span class='ocr_line' id='line_1_110' title="bbox 1764 4946 3125 5078; baseline 0.006 -21"><span class='ocrx_word' id='word_1_756' title='bbox 1764 4946 1783 5004; x_wconf 62' lang='grc'>1</span> <span class='ocrx_word' id='word_1_757' title='bbox 1844 5005 1929 5058; x_wconf 86' lang='lat' dir='ltr'>Ex</span> <span class='ocrx_word' id='word_1_758' title='bbox 1951 5002 2054 5059; x_wconf 88' lang='lat' dir='ltr'>hac</span> <span class='ocrx_word' id='word_1_759' title='bbox 2098 5004 2277 5078; x_wconf 86' lang='lat' dir='ltr'>igitur</span> <span class='ocrx_word' id='word_1_760' title='bbox 2320 5004 2646 5063; x_wconf 80' lang='lat' dir='ltr'>differentia</span> <span class='ocrx_word' id='word_1_761' title='bbox 2692 5007 2846 5064; x_wconf 91' lang='lat' dir='ltr'>inter</span> <span class='ocrx_word' id='word_1_762' title='bbox 2885 5008 3125 5075; x_wconf 84' lang='lat' dir='ltr'>bonum,</span> 
     </span>
    </p>
   </div>
   <div class='ocr_carea' id='block_1_19' title="bbox 1768 5087 3131 5164">
    <p class='ocr_par' dir='ltr' id='par_1_23' title="bbox 1768 5087 3131 5164">
     <span class='ocr_line' id='line_1_111' title="bbox 1768 5087 3131 5164; baseline 0.002 -19"><span class='ocrx_word' id='word_1_763' title='bbox 1768 5092 1827 5146; x_wconf 90' lang='lat' dir='ltr'>et</span> <span class='ocrx_word' id='word_1_764' title='bbox 1852 5087 2070 5144; x_wconf 89' lang='lat' dir='ltr'>malum</span> <span class='ocrx_word' id='word_1_765' title='bbox 2100 5089 2336 5157; x_wconf 88' lang='lat' dir='ltr'>morale,</span> <span class='ocrx_word' id='word_1_766' title='bbox 2355 5108 2527 5164; x_wconf 80' lang='lat' dir='ltr'>quam</span> <span class='ocrx_word' id='word_1_767' title='bbox 2551 5107 2752 5149; x_wconf 86' lang='lat' dir='ltr'>omnes</span> <span class='ocrx_word' id='word_1_768' title='bbox 2768 5092 3131 5150; x_wconf 80' lang='lat' dir='ltr'>unanimiter</span> 
     </span>
    </p>
   </div>
  </div>
 </body>
</html>
