<?xml version="1.0" encoding="UTF-8"?>
<!DOCTYPE html PUBLIC "-//W3C//DTD XHTML 1.0 Transitional//EN"
    "http://www.w3.org/TR/xhtml1/DTD/xhtml1-transitional.dtd">
<html xmlns="http://www.w3.org/1999/xhtml" xml:lang="en" lang="en">
 <head>
  <title>
</title>
<meta http-equiv="Content-Type" content="text/html;charset=utf-8" />
  <meta name='ocr-system' content='tesseract 3.04.00' />
  <meta name='ocr-capabilities' content='ocr_page ocr_carea ocr_par ocr_line ocrx_word'/>
</head>
<body>
  <div class='ocr_page' id='page_1' title='image "./collegiisalmant00carmgoog_0366.png"; bbox 0 0 3647 5753; ppageno 0'>
   <div class='ocr_carea' id='block_1_1' title="bbox 515 333 2402 440">
    <p class='ocr_par' dir='ltr' id='par_1_1' title="bbox 515 333 2402 440">
     <span class='ocr_line' id='line_1_1' title="bbox 515 333 2402 440; baseline -0.007 0"><span class='ocrx_word' id='word_1_1' title='bbox 515 385 623 440; x_wconf 81' lang='lat'>344</span> <span class='ocrx_word' id='word_1_2' title='bbox 1325 401 1330 406; x_wconf 65' lang='grc'><em>·</em></span> <span class='ocrx_word' id='word_1_3' title='bbox 1441 375 1534 430; x_wconf 83' lang='lat' dir='ltr'>DE</span> <span class='ocrx_word' id='word_1_4' title='bbox 1573 333 2156 428; x_wconf 67' lang='lat' dir='ltr'>JUST1F10AT10NE</span> <span class='ocrx_word' id='word_1_5' title='bbox 2197 372 2402 427; x_wconf 81' lang='lat' dir='ltr'>1MP11.</span> 
     </span>
    </p>
   </div>
   <div class='ocr_carea' id='block_1_2' title="bbox 297 544 1877 1753">
    <p class='ocr_par' dir='ltr' id='par_1_2' title="bbox 297 544 1877 1753">
     <span class='ocr_line' id='line_1_2' title="bbox 518 544 1876 624; baseline -0.003 -21"><span class='ocrx_word' id='word_1_6' title='bbox 518 574 543 603; x_wconf 74' lang='grc' dir='ltr'><em>α</em></span> <span class='ocrx_word' id='word_1_7' title='bbox 590 552 759 608; x_wconf 90' lang='lat' dir='ltr'>Pater</span> <span class='ocrx_word' id='word_1_8' title='bbox 783 566 949 608; x_wconf 87' lang='lat' dir='ltr'>meus</span> <span class='ocrx_word' id='word_1_9' title='bbox 967 548 1158 624; x_wconf 80' lang='lat' dir='ltr'>diligit</span> <span class='ocrx_word' id='word_1_10' title='bbox 1177 564 1331 614; x_wconf 88' lang='lat' dir='ltr'>eum,</span> <span class='ocrx_word' id='word_1_11' title='bbox 1362 551 1419 603; x_wconf 89' lang='lat' dir='ltr'>et</span> <span class='ocrx_word' id='word_1_12' title='bbox 1438 546 1507 603; x_wconf 92' lang='lat' dir='ltr'>ad</span> <span class='ocrx_word' id='word_1_13' title='bbox 1528 562 1661 602; x_wconf 87' lang='lat' dir='ltr'>eum</span> <span class='ocrx_word' id='word_1_14' title='bbox 1682 544 1876 600; x_wconf 82' lang='lat' dir='ltr'>venie·</span> 
     </span>
     <span class='ocr_line' id='line_1_3' title="bbox 518 629 1870 703; baseline -0.006 -17"><span class='ocrx_word' id='word_1_15' title='bbox 518 655 543 685; x_wconf 74' lang='grc' dir='ltr'>α</span> <span class='ocrx_word' id='word_1_16' title='bbox 576 648 723 698; x_wconf 90' lang='lat' dir='ltr'>mus,</span> <span class='ocrx_word' id='word_1_17' title='bbox 748 639 804 689; x_wconf 90' lang='lat' dir='ltr'>et</span> <span class='ocrx_word' id='word_1_18' title='bbox 825 631 1186 688; x_wconf 81' lang='lat' dir='ltr'>mansionem</span> <span class='ocrx_word' id='word_1_19' title='bbox 1208 629 1359 703; x_wconf 88' lang='lat' dir='ltr'>apud</span> <span class='ocrx_word' id='word_1_20' title='bbox 1382 645 1513 686; x_wconf 91' lang='lat' dir='ltr'>eum</span> <span class='ocrx_word' id='word_1_21' title='bbox 1540 629 1830 684; x_wconf 63' lang='lat' dir='ltr'>iaciemus</span> <span class='ocrx_word' id='word_1_22' title='bbox 1845 648 1870 678; x_wconf 83' lang='lat'><strong>»</strong></span> 
     </span>
     <span class='ocr_line' id='line_1_4' title="bbox 298 708 1877 783; baseline -0.004 -15"><span class='ocrx_word' id='word_1_23' title='bbox 298 719 365 762; x_wconf 76' lang='lat' dir='ltr'>Ad</span> <span class='ocrx_word' id='word_1_24' title='bbox 378 721 497 762; x_wconf 79' lang='lat' dir='ltr'>Bom-</span> <span class='ocrx_word' id='word_1_25' title='bbox 514 715 584 769; x_wconf 87' lang='lat' dir='ltr'>Et</span> <span class='ocrx_word' id='word_1_26' title='bbox 610 711 680 768; x_wconf 89' lang='lat' dir='ltr'>ad</span> <span class='ocrx_word' id='word_1_27' title='bbox 708 714 875 769; x_wconf 88' lang='lat' dir='ltr'>Rom.</span> <span class='ocrx_word' id='word_1_28' title='bbox 927 713 1025 767; x_wconf 79' lang='lat'>13:</span> <span class='ocrx_word' id='word_1_29' title='bbox 1056 733 1082 764; x_wconf 74' lang='grc' dir='ltr'><em>α</em></span> <span class='ocrx_word' id='word_1_30' title='bbox 1115 709 1418 768; x_wconf 87' lang='lat' dir='ltr'>Plenitudo</span> <span class='ocrx_word' id='word_1_31' title='bbox 1443 725 1578 783; x_wconf 87' lang='lat' dir='ltr'>ergo</span> <span class='ocrx_word' id='word_1_32' title='bbox 1619 708 1761 781; x_wconf 86' lang='lat' dir='ltr'>legis</span> <span class='ocrx_word' id='word_1_33' title='bbox 1790 713 1877 764; x_wconf 89' lang='lat' dir='ltr'>est</span> 
     </span>
     <span class='ocr_line' id='line_1_5' title="bbox 323 771 1875 861; baseline -0.003 -14"><span class='ocrx_word' id='word_1_34' title='bbox 323 771 482 861; x_wconf 38' lang='lat'>*0¹34</span> <span class='ocrx_word' id='word_1_35' title='bbox 519 815 544 846; x_wconf 80' lang='grc'><strong>«</strong></span> <span class='ocrx_word' id='word_1_36' title='bbox 586 792 836 850; x_wconf 69' lang='lat' dir='ltr'>dilectio.</span> <span class='ocrx_word' id='word_1_37' title='bbox 872 816 898 846; x_wconf 83' lang='grc'>»</span> <span class='ocrx_word' id='word_1_38' title='bbox 926 793 995 848; x_wconf 79' lang='lat' dir='ltr'>st</span> <span class='ocrx_word' id='word_1_39' title='bbox 1022 791 1093 848; x_wconf 76' lang='lat' dir='ltr'>aa</span> <span class='ocrx_word' id='word_1_40' title='bbox 1120 793 1331 849; x_wconf 75' lang='lat' dir='ltr'>coloss.</span> <span class='ocrx_word' id='word_1_41' title='bbox 1363 791 1417 856; x_wconf 87' lang='lat'>3,</span> <span class='ocrx_word' id='word_1_42' title='bbox 1444 790 1706 846; x_wconf 74' lang='lat' dir='ltr'>Charitas</span> <span class='ocrx_word' id='word_1_43' title='bbox 1728 787 1875 844; x_wconf 75' lang='lat' dir='ltr'>dici-</span> 
     </span>
     <span class='ocr_line' id='line_1_6' title="bbox 299 869 1876 959; baseline -0.003 -28"><span class='ocrx_word' id='word_1_44' title='bbox 299 869 423 959; x_wconf 50' lang='grc' dir='ltr'>13ῧῇ</span> <span class='ocrx_word' id='word_1_45' title='bbox 440 869 482 958; x_wconf 53' lang='lat'>37³:</span> <span class='ocrx_word' id='word_1_46' title='bbox 513 881 608 932; x_wconf 88' lang='lat' dir='ltr'>tur</span> <span class='ocrx_word' id='word_1_47' title='bbox 633 877 916 932; x_wconf 83' lang='lat' dir='ltr'>vinculum</span> <span class='ocrx_word' id='word_1_48' title='bbox 929 876 1298 948; x_wconf 75' lang='lat' dir='ltr'>perfectionis.</span> <span class='ocrx_word' id='word_1_49' title='bbox 1332 875 1400 928; x_wconf 88' lang='lat' dir='ltr'>Et</span> <span class='ocrx_word' id='word_1_50' title='bbox 1415 874 1576 928; x_wconf 80' lang='lat' dir='ltr'>Lucae</span> <span class='ocrx_word' id='word_1_51' title='bbox 1594 875 1649 937; x_wconf 90' lang='grc'>7,</span> <span class='ocrx_word' id='word_1_52' title='bbox 1676 871 1876 927; x_wconf 89' lang='lat' dir='ltr'>Chris--</span> 
     </span>
     <span class='ocr_line' id='line_1_7' title="bbox 515 951 1874 1030; baseline -0.004 -20"><span class='ocrx_word' id='word_1_53' title='bbox 515 961 604 1011; x_wconf 88' lang='lat' dir='ltr'>tus</span> <span class='ocrx_word' id='word_1_54' title='bbox 630 956 779 1012; x_wconf 83' lang='lat' dir='ltr'>dixit</span> <span class='ocrx_word' id='word_1_55' title='bbox 803 955 874 1013; x_wconf 91' lang='lat' dir='ltr'>de</span> <span class='ocrx_word' id='word_1_56' title='bbox 899 954 1238 1030; x_wconf 86' lang='lat' dir='ltr'>Magdalena</span> <span class='ocrx_word' id='word_1_57' title='bbox 1271 975 1284 1009; x_wconf 74' lang='grc' dir='ltr'><strong><em>ε</em></strong></span> <span class='ocrx_word' id='word_1_58' title='bbox 1338 975 1363 1005; x_wconf 73' lang='grc' dir='ltr'><strong>α</strong></span> <span class='ocrx_word' id='word_1_59' title='bbox 1396 952 1793 1008; x_wconf 88' lang='lat' dir='ltr'>Remittuntur</span> <span class='ocrx_word' id='word_1_60' title='bbox 1819 951 1874 1007; x_wconf 91' lang='lat' dir='ltr'>ei</span> 
     </span>
     <span class='ocr_line' id='line_1_8' title="bbox 519 1033 1870 1111; baseline -0.003 -21"><span class='ocrx_word' id='word_1_61' title='bbox 519 1059 546 1090; x_wconf 74' lang='grc' dir='ltr'><em>α</em></span> <span class='ocrx_word' id='word_1_62' title='bbox 577 1041 797 1111; x_wconf 85' lang='lat' dir='ltr'>peccata</span> <span class='ocrx_word' id='word_1_63' title='bbox 818 1037 1019 1102; x_wconf 88' lang='lat' dir='ltr'>multa,</span> <span class='ocrx_word' id='word_1_64' title='bbox 1044 1036 1318 1108; x_wconf 88' lang='lat' dir='ltr'>quoniam</span> <span class='ocrx_word' id='word_1_65' title='bbox 1340 1033 1544 1091; x_wconf 87' lang='lat' dir='ltr'>dilexit</span> <span class='ocrx_word' id='word_1_66' title='bbox 1563 1033 1870 1089; x_wconf 79' lang='lat' dir='ltr'>multum.»</span> 
     </span>
     <span class='ocr_line' id='line_1_9' title="bbox 514 1115 1873 1189; baseline -0.002 -18"><span class='ocrx_word' id='word_1_67' title='bbox 514 1120 584 1172; x_wconf 84' lang='lat' dir='ltr'>Et</span> <span class='ocrx_word' id='word_1_68' title='bbox 619 1116 819 1175; x_wconf 87' lang='lat' dir='ltr'>eodem</span> <span class='ocrx_word' id='word_1_69' title='bbox 847 1115 1016 1174; x_wconf 89' lang='lat' dir='ltr'>modo</span> <span class='ocrx_word' id='word_1_70' title='bbox 1037 1117 1349 1189; x_wconf 89' lang='lat' dir='ltr'>loquuntur</span> <span class='ocrx_word' id='word_1_71' title='bbox 1388 1115 1533 1171; x_wconf 88' lang='lat' dir='ltr'>sacri</span> <span class='ocrx_word' id='word_1_72' title='bbox 1563 1116 1827 1172; x_wconf 81' lang='lat' dir='ltr'>Doctores</span> <span class='ocrx_word' id='word_1_73' title='bbox 1858 1136 1873 1180; x_wconf 75' lang='lat'>3</span> 
     </span>
     <span class='ocr_line' id='line_1_10' title="bbox 297 1196 1870 1271; baseline -0.002 -17"><span class='ocrx_word' id='word_1_74' title='bbox 297 1196 471 1246; x_wconf 72' lang='lat' dir='ltr'>August.</span> <span class='ocrx_word' id='word_1_75' title='bbox 515 1213 652 1254; x_wconf 88' lang='lat' dir='ltr'>nam</span> <span class='ocrx_word' id='word_1_76' title='bbox 680 1201 918 1271; x_wconf 83' lang='lat' dir='ltr'><strong>August.</strong></span> <span class='ocrx_word' id='word_1_77' title='bbox 944 1196 1037 1252; x_wconf 84' lang='lat' dir='ltr'>lib.</span> <span class='ocrx_word' id='word_1_78' title='bbox 1068 1197 1132 1251; x_wconf 76' lang='lat' dir='ltr'>de</span> <span class='ocrx_word' id='word_1_79' title='bbox 1159 1203 1394 1262; x_wconf 82' lang='lat' dir='ltr'>natura,</span> <span class='ocrx_word' id='word_1_80' title='bbox 1432 1204 1483 1251; x_wconf 87' lang='lat' dir='ltr'>et</span> <span class='ocrx_word' id='word_1_81' title='bbox 1507 1196 1701 1265; x_wconf 77' lang='lat' dir='ltr'>,qratia</span> <span class='ocrx_word' id='word_1_82' title='bbox 1746 1212 1870 1267; x_wconf 85' lang='lat' dir='ltr'>cap.</span> 
     </span>
     <span class='ocr_line' id='line_1_11' title="bbox 511 1275 1869 1347; baseline -0.001 -15"><span class='ocrx_word' id='word_1_83' title='bbox 511 1279 606 1343; x_wconf 73' lang='lat'>42,</span> <span class='ocrx_word' id='word_1_84' title='bbox 635 1275 795 1333; x_wconf 87' lang='lat' dir='ltr'>docet</span> <span class='ocrx_word' id='word_1_85' title='bbox 820 1276 1144 1332; x_wconf 78' lang='lat' dir='ltr'>charitatem</span> <span class='ocrx_word' id='word_1_86' title='bbox 1164 1293 1273 1330; x_wconf 87' lang='lat' dir='ltr'>esse</span> <span class='ocrx_word' id='word_1_87' title='bbox 1300 1283 1553 1332; x_wconf 83' lang='lat' dir='ltr'>nostram</span> <span class='ocrx_word' id='word_1_88' title='bbox 1564 1275 1869 1347; x_wconf 79' lang='lat' dir='ltr'>justitiam.</span> 
     </span>
     <span class='ocr_line' id='line_1_12' title="bbox 513 1354 1870 1430; baseline -0.002 -18"><span class='ocrx_word' id='word_1_89' title='bbox 513 1359 581 1412; x_wconf 88' lang='lat' dir='ltr'>Et</span> <span class='ocrx_word' id='word_1_90' title='bbox 621 1374 745 1430; x_wconf 84' lang='lat' dir='ltr'>cap.</span> <span class='ocrx_word' id='word_1_91' title='bbox 776 1356 878 1414; x_wconf 81' lang='lat' dir='ltr'>ult.</span> <span class='ocrx_word' id='word_1_92' title='bbox 926 1356 1159 1430; x_wconf 82' lang='lat' dir='ltr'>inquit=</span> <span class='ocrx_word' id='word_1_93' title='bbox 1207 1378 1233 1408; x_wconf 84' lang='lat'>«</span> <span class='ocrx_word' id='word_1_94' title='bbox 1292 1357 1554 1412; x_wconf 89' lang='lat' dir='ltr'>Charitas</span> <span class='ocrx_word' id='word_1_95' title='bbox 1587 1354 1870 1420; x_wconf 88' lang='lat' dir='ltr'>inchoata,</span> 
     </span>
     <span class='ocr_line' id='line_1_13' title="bbox 515 1436 1870 1510; baseline -0.001 -19"><span class='ocrx_word' id='word_1_96' title='bbox 515 1459 541 1490; x_wconf 91' lang='lat'>«</span> <span class='ocrx_word' id='word_1_97' title='bbox 587 1437 853 1494; x_wconf 87' lang='lat' dir='ltr'>inchoata</span> <span class='ocrx_word' id='word_1_98' title='bbox 891 1437 1115 1510; x_wconf 86' lang='lat' dir='ltr'>justitia</span> <span class='ocrx_word' id='word_1_99' title='bbox 1140 1441 1224 1492; x_wconf 86' lang='lat' dir='ltr'>est</span> <span class='ocrx_word' id='word_1_100' title='bbox 1253 1460 1267 1503; x_wconf 88' lang='lat'>;</span> <span class='ocrx_word' id='word_1_101' title='bbox 1316 1436 1565 1493; x_wconf 79' lang='lat' dir='ltr'>charitas</span> <span class='ocrx_word' id='word_1_102' title='bbox 1587 1439 1870 1509; x_wconf 76' lang='lat' dir='ltr'>provecta,</span> 
     </span>
     <span class='ocr_line' id='line_1_14' title="bbox 513 1516 1869 1592; baseline 0.002 -24"><span class='ocrx_word' id='word_1_103' title='bbox 513 1539 539 1568; x_wconf 75' lang='grc' dir='ltr'>α</span> <span class='ocrx_word' id='word_1_104' title='bbox 599 1523 862 1590; x_wconf 88' lang='lat' dir='ltr'>provecta</span> <span class='ocrx_word' id='word_1_105' title='bbox 909 1517 1130 1592; x_wconf 87' lang='lat' dir='ltr'>justitia</span> <span class='ocrx_word' id='word_1_106' title='bbox 1177 1521 1299 1584; x_wconf 88' lang='lat' dir='ltr'>est;</span> <span class='ocrx_word' id='word_1_107' title='bbox 1331 1516 1582 1572; x_wconf 85' lang='lat' dir='ltr'>charitas</span> <span class='ocrx_word' id='word_1_108' title='bbox 1625 1530 1869 1589; x_wconf 87' lang='lat' dir='ltr'>magna,</span> 
     </span>
     <span class='ocr_line' id='line_1_15' title="bbox 514 1597 1877 1673; baseline 0.001 -22"><span class='ocrx_word' id='word_1_109' title='bbox 514 1621 540 1651; x_wconf 73' lang='grc' dir='ltr'><strong>α</strong></span> <span class='ocrx_word' id='word_1_110' title='bbox 585 1614 798 1673; x_wconf 88' lang='lat' dir='ltr'>magna</span> <span class='ocrx_word' id='word_1_111' title='bbox 819 1599 1043 1673; x_wconf 84' lang='lat' dir='ltr'>justitia</span> <span class='ocrx_word' id='word_1_112' title='bbox 1080 1604 1182 1656; x_wconf 90' lang='lat' dir='ltr'>est.</span> <span class='ocrx_word' id='word_1_113' title='bbox 1246 1620 1272 1652; x_wconf 74' lang='grc' dir='ltr'><strong>α</strong></span> <span class='ocrx_word' id='word_1_114' title='bbox 1307 1601 1377 1654; x_wconf 88' lang='lat' dir='ltr'>Et</span> <span class='ocrx_word' id='word_1_115' title='bbox 1402 1599 1498 1655; x_wconf 82' lang='lat' dir='ltr'>lib.</span> <span class='ocrx_word' id='word_1_116' title='bbox 1543 1599 1608 1653; x_wconf 84' lang='lat' dir='ltr'>de</span> <span class='ocrx_word' id='word_1_117' title='bbox 1632 1597 1877 1653; x_wconf 79' lang='lat' dir='ltr'>moribus</span> 
     </span>
     <span class='ocr_line' id='line_1_16' title="bbox 516 1677 1877 1753; baseline -0.001 -16"><span class='ocrx_word' id='word_1_118' title='bbox 516 1677 783 1748; x_wconf 64' lang='lat' dir='ltr'>Ecclesia,</span> <span class='ocrx_word' id='word_1_119' title='bbox 838 1698 962 1753; x_wconf 78' lang='lat' dir='ltr'>cap.</span> <span class='ocrx_word' id='word_1_120' title='bbox 1015 1682 1101 1748; x_wconf 89' lang='lat' dir='ltr'>ll,</span> <span class='ocrx_word' id='word_1_121' title='bbox 1153 1681 1419 1744; x_wconf 85' lang='lat' dir='ltr'>affirmat,</span> <span class='ocrx_word' id='word_1_122' title='bbox 1468 1682 1739 1736; x_wconf 75' lang='lat' dir='ltr'>hominem</span> <span class='ocrx_word' id='word_1_123' title='bbox 1779 1697 1877 1752; x_wconf 83' lang='lat' dir='ltr'>per</span> 
     </span>
    </p>
   </div>
   <div class='ocr_carea' id='block_1_3' title="bbox 512 1763 1875 1909">
    <p class='ocr_par' dir='ltr' id='par_1_3' title="bbox 512 1763 1875 1909">
     <span class='ocr_line' id='line_1_17' title="bbox 512 1763 1874 1832; baseline -0.001 -15"><span class='ocrx_word' id='word_1_124' title='bbox 512 1763 842 1818; x_wconf 77' lang='lat' dir='ltr'>charitatem</span> <span class='ocrx_word' id='word_1_125' title='bbox 892 1764 1252 1832; x_wconf 77' lang='lat' dir='ltr'>sanctificari.</span> <span class='ocrx_word' id='word_1_126' title='bbox 1304 1765 1374 1818; x_wconf 89' lang='lat' dir='ltr'>Et</span> <span class='ocrx_word' id='word_1_127' title='bbox 1420 1763 1513 1819; x_wconf 77' lang='lat' dir='ltr'>lib.</span> <span class='ocrx_word' id='word_1_128' title='bbox 1569 1763 1624 1828; x_wconf 81' lang='lat'>2,</span> <span class='ocrx_word' id='word_1_129' title='bbox 1682 1768 1874 1818; x_wconf 87' lang='lat' dir='ltr'>contra</span> 
     </span>
     <span class='ocr_line' id='line_1_18' title="bbox 516 1834 1875 1909; baseline -0.001 -15"><span class='ocrx_word' id='word_1_130' title='bbox 516 1835 869 1894; x_wconf 82' lang='lat' dir='ltr'>Cresconium</span> <span class='ocrx_word' id='word_1_131' title='bbox 896 1834 1213 1893; x_wconf 82' lang='lat' dir='ltr'>Grammat.</span> <span class='ocrx_word' id='word_1_132' title='bbox 1257 1853 1379 1909; x_wconf 83' lang='lat' dir='ltr'>cap.</span> <span class='ocrx_word' id='word_1_133' title='bbox 1418 1839 1501 1904; x_wconf 81' lang='lat'>12,</span> <span class='ocrx_word' id='word_1_134' title='bbox 1544 1835 1701 1901; x_wconf 91' lang='lat' dir='ltr'>dicit,</span> <span class='ocrx_word' id='word_1_135' title='bbox 1725 1834 1875 1909; x_wconf 89' lang='lat' dir='ltr'>quod</span> 
     </span>
    </p>
   </div>
   <div class='ocr_carea' id='block_1_4' title="bbox 299 1917 1876 3207">
    <p class='ocr_par' dir='ltr' id='par_1_4' title="bbox 299 1917 1876 3207">
     <span class='ocr_line' id='line_1_19' title="bbox 513 1917 1876 1990; baseline 0 -18"><span class='ocrx_word' id='word_1_136' title='bbox 513 1936 550 1972; x_wconf 93' lang='lat' dir='ltr'>a</span> <span class='ocrx_word' id='word_1_137' title='bbox 574 1920 814 1990; x_wconf 79' lang='lat' dir='ltr'>peccatis</span> <span class='ocrx_word' id='word_1_138' title='bbox 839 1917 1180 1973; x_wconf 80' lang='lat' dir='ltr'>mundamur</span> <span class='ocrx_word' id='word_1_139' title='bbox 1229 1919 1501 1986; x_wconf 74' lang='lat' dir='ltr'>sacrificio</span> <span class='ocrx_word' id='word_1_140' title='bbox 1529 1918 1715 1973; x_wconf 82' lang='lat' dir='ltr'>cordis</span> <span class='ocrx_word' id='word_1_141' title='bbox 1740 1933 1876 1972; x_wconf 83' lang='lat' dir='ltr'>con-</span> 
     </span>
     <span class='ocr_line' id='line_1_20' title="bbox 300 1995 1871 2081; baseline -0.001 -29"><span class='ocrx_word' id='word_1_142' title='bbox 300 2028 474 2081; x_wconf 63' lang='lat' dir='ltr'>sapiu.</span> <span class='ocrx_word' id='word_1_143' title='bbox 514 1998 638 2053; x_wconf 79' lang='lat' dir='ltr'>triti</span> <span class='ocrx_word' id='word_1_144' title='bbox 661 2015 683 2064; x_wconf 89' lang='lat'><em>;</em></span> <span class='ocrx_word' id='word_1_145' title='bbox 709 1996 769 2053; x_wconf 92' lang='lat' dir='ltr'>id</span> <span class='ocrx_word' id='word_1_146' title='bbox 812 2003 916 2063; x_wconf 87' lang='lat' dir='ltr'>est,</span> <span class='ocrx_word' id='word_1_147' title='bbox 957 2002 1081 2053; x_wconf 89' lang='lat' dir='ltr'>actu</span> <span class='ocrx_word' id='word_1_148' title='bbox 1108 1995 1488 2054; x_wconf 81' lang='lat' dir='ltr'>contritionis,</span> <span class='ocrx_word' id='word_1_149' title='bbox 1521 1999 1576 2054; x_wconf 91' lang='lat' dir='ltr'>S.</span> <span class='ocrx_word' id='word_1_150' title='bbox 1621 1996 1871 2070; x_wconf 83' lang='lat' dir='ltr'>Ephrem</span> 
     </span>
     <span class='ocr_line' id='line_1_21' title="bbox 517 2075 1875 2151; baseline -0.001 -17"><span class='ocrx_word' id='word_1_151' title='bbox 517 2079 610 2136; x_wconf 77' lang='lat' dir='ltr'>lib.</span> <span class='ocrx_word' id='word_1_152' title='bbox 641 2080 707 2134; x_wconf 84' lang='lat' dir='ltr'>de</span> <span class='ocrx_word' id='word_1_153' title='bbox 729 2080 816 2134; x_wconf 83' lang='lat' dir='ltr'>die</span> <span class='ocrx_word' id='word_1_154' title='bbox 841 2077 1072 2145; x_wconf 73' lang='lat' dir='ltr'>Judicii,</span> <span class='ocrx_word' id='word_1_155' title='bbox 1101 2080 1184 2135; x_wconf 89' lang='lat' dir='ltr'>ait</span> <span class='ocrx_word' id='word_1_156' title='bbox 1228 2099 1241 2133; x_wconf 75' lang='grc' dir='ltr'><strong><em>ε</em></strong></span> <span class='ocrx_word' id='word_1_157' title='bbox 1273 2075 1632 2151; x_wconf 78' lang='lat' dir='ltr'>Compunctt&#39;o</span> <span class='ocrx_word' id='word_1_158' title='bbox 1658 2078 1875 2133; x_wconf 80' lang='lat' dir='ltr'>sanitas</span> 
     </span>
     <span class='ocr_line' id='line_1_22' title="bbox 299 2160 1875 2225; baseline -0.004 -5"><span class='ocrx_word' id='word_1_159' title='bbox 299 2178 481 2222; x_wconf 72' lang='lat' dir='ltr'>nnern.</span> <span class='ocrx_word' id='word_1_160' title='bbox 512 2167 592 2215; x_wconf 85' lang='lat' dir='ltr'>est</span> <span class='ocrx_word' id='word_1_161' title='bbox 635 2160 852 2225; x_wconf 72' lang='lat' dir='ltr'>animae,</span> <span class='ocrx_word' id='word_1_162' title='bbox 885 2168 934 2214; x_wconf 85' lang='lat' dir='ltr'>et</span> <span class='ocrx_word' id='word_1_163' title='bbox 989 2161 1332 2216; x_wconf 77' lang='lat' dir='ltr'>illuminatio</span> <span class='ocrx_word' id='word_1_164' title='bbox 1376 2162 1593 2214; x_wconf 83' lang='lat' dir='ltr'>mentis.</span> <span class='ocrx_word' id='word_1_165' title='bbox 1622 2161 1687 2215; x_wconf 92' lang='lat' dir='ltr'>D.</span> <span class='ocrx_word' id='word_1_166' title='bbox 1730 2160 1875 2214; x_wconf 86' lang='lat' dir='ltr'>Ber-</span> 
     </span>
     <span class='ocr_line' id='line_1_23' title="bbox 515 2238 1875 2305; baseline -0.001 -10"><span class='ocrx_word' id='word_1_167' title='bbox 515 2238 679 2296; x_wconf 89' lang='lat' dir='ltr'>nard.</span> <span class='ocrx_word' id='word_1_168' title='bbox 711 2256 871 2296; x_wconf 86' lang='lat' dir='ltr'>serm.</span> <span class='ocrx_word' id='word_1_169' title='bbox 903 2241 994 2305; x_wconf 83' lang='lat'>83,</span> <span class='ocrx_word' id='word_1_170' title='bbox 1015 2243 1076 2296; x_wconf 77' lang='lat' dir='ltr'>in</span> <span class='ocrx_word' id='word_1_171' title='bbox 1098 2241 1353 2305; x_wconf 83' lang='lat' dir='ltr'>Cantica,</span> <span class='ocrx_word' id='word_1_172' title='bbox 1380 2238 1517 2295; x_wconf 91' lang='lat' dir='ltr'>dicit</span> <span class='ocrx_word' id='word_1_173' title='bbox 1535 2239 1875 2294; x_wconf 74' lang='lat' dir='ltr'>dilectionem</span> 
     </span>
     <span class='ocr_line' id='line_1_24' title="bbox 512 2316 1875 2393; baseline -0.001 -18"><span class='ocrx_word' id='word_1_174' title='bbox 512 2320 836 2393; x_wconf 71' lang='lat' dir='ltr'>desponsare</span> <span class='ocrx_word' id='word_1_175' title='bbox 880 2322 1131 2375; x_wconf 83' lang='lat' dir='ltr'>animam</span> <span class='ocrx_word' id='word_1_176' title='bbox 1157 2319 1335 2375; x_wconf 78' lang='lat' dir='ltr'>verbo,</span> <span class='ocrx_word' id='word_1_177' title='bbox 1382 2320 1451 2374; x_wconf 86' lang='lat' dir='ltr'>Et</span> <span class='ocrx_word' id='word_1_178' title='bbox 1482 2335 1643 2375; x_wconf 85' lang='lat' dir='ltr'>serm.</span> <span class='ocrx_word' id='word_1_179' title='bbox 1693 2318 1747 2384; x_wconf 89' lang='lat'>3,</span> <span class='ocrx_word' id='word_1_180' title='bbox 1803 2316 1875 2374; x_wconf 86' lang='lat' dir='ltr'>de</span> 
     </span>
     <span class='ocr_line' id='line_1_25' title="bbox 514 2399 1875 2473; baseline -0.001 -16"><span class='ocrx_word' id='word_1_181' title='bbox 514 2402 723 2459; x_wconf 89' lang='lat' dir='ltr'>timore</span> <span class='ocrx_word' id='word_1_182' title='bbox 762 2401 1011 2468; x_wconf 87' lang='lat' dir='ltr'>Domini,</span> <span class='ocrx_word' id='word_1_183' title='bbox 1039 2401 1288 2458; x_wconf 83' lang='lat' dir='ltr'>affirmat</span> <span class='ocrx_word' id='word_1_184' title='bbox 1312 2401 1640 2457; x_wconf 78' lang='lat' dir='ltr'>charitatem</span> <span class='ocrx_word' id='word_1_185' title='bbox 1667 2399 1875 2473; x_wconf 82' lang='lat' dir='ltr'>perfee-</span> 
     </span>
     <span class='ocr_line' id='line_1_26' title="bbox 513 2481 1876 2555; baseline 0 -18"><span class='ocrx_word' id='word_1_186' title='bbox 513 2491 630 2538; x_wconf 85' lang='lat' dir='ltr'>tam</span> <span class='ocrx_word' id='word_1_187' title='bbox 667 2499 776 2537; x_wconf 86' lang='lat' dir='ltr'>esse</span> <span class='ocrx_word' id='word_1_188' title='bbox 820 2482 1114 2555; x_wconf 76' lang='lat' dir='ltr'>perfectam</span> <span class='ocrx_word' id='word_1_189' title='bbox 1148 2484 1518 2538; x_wconf 78' lang='lat' dir='ltr'>sanctitatem.</span> <span class='ocrx_word' id='word_1_190' title='bbox 1550 2481 1876 2553; x_wconf 81' lang='lat' dir='ltr'>Eodemque</span> 
     </span>
     <span class='ocr_line' id='line_1_27' title="bbox 513 2562 1873 2635; baseline -0.002 -14"><span class='ocrx_word' id='word_1_191' title='bbox 513 2562 684 2621; x_wconf 89' lang='lat' dir='ltr'>modo</span> <span class='ocrx_word' id='word_1_192' title='bbox 711 2563 1025 2635; x_wconf 77' lang='lat' dir='ltr'>loquuntur</span> <span class='ocrx_word' id='word_1_193' title='bbox 1045 2562 1146 2619; x_wconf 90' lang='lat' dir='ltr'>alii</span> <span class='ocrx_word' id='word_1_194' title='bbox 1172 2564 1386 2627; x_wconf 82' lang='lat' dir='ltr'>Patres,</span> <span class='ocrx_word' id='word_1_195' title='bbox 1413 2578 1554 2634; x_wconf 88' lang='lat' dir='ltr'>quos</span> <span class='ocrx_word' id='word_1_196' title='bbox 1582 2563 1873 2634; x_wconf 87' lang='lat' dir='ltr'>prolixum</span> 
     </span>
     <span class='ocr_line' id='line_1_28' title="bbox 307 2642 1868 2717; baseline -0.001 -16"><span class='ocrx_word' id='word_1_197' title='bbox 307 2645 660 2702; x_wconf 73' lang='lat' dir='ltr'>Ecclesia-esset</span> <span class='ocrx_word' id='word_1_198' title='bbox 689 2644 926 2700; x_wconf 77' lang='lat' dir='ltr'>referre.</span> <span class='ocrx_word' id='word_1_199' title='bbox 957 2642 1208 2699; x_wconf 84' lang='lat' dir='ltr'>Habetur</span> <span class='ocrx_word' id='word_1_200' title='bbox 1246 2642 1420 2717; x_wconf 86' lang='lat' dir='ltr'>igitur</span> <span class='ocrx_word' id='word_1_201' title='bbox 1446 2658 1518 2699; x_wconf 90' lang='lat' dir='ltr'>ex</span> <span class='ocrx_word' id='word_1_202' title='bbox 1556 2642 1868 2714; x_wconf 81' lang='lat' dir='ltr'>Scriptura,</span> 
     </span>
     <span class='ocr_line' id='line_1_29' title="bbox 512 2723 1876 2791; baseline 0 -9"><span class='ocrx_word' id='word_1_203' title='bbox 512 2730 569 2782; x_wconf 90' lang='lat' dir='ltr'>et</span> <span class='ocrx_word' id='word_1_204' title='bbox 595 2725 881 2791; x_wconf 89' lang='lat' dir='ltr'>Patribus,</span> <span class='ocrx_word' id='word_1_205' title='bbox 907 2729 1093 2781; x_wconf 89' lang='lat' dir='ltr'>actum</span> <span class='ocrx_word' id='word_1_206' title='bbox 1120 2723 1432 2790; x_wconf 88' lang='lat' dir='ltr'>charitatis,</span> <span class='ocrx_word' id='word_1_207' title='bbox 1466 2724 1557 2779; x_wconf 82' lang='lat' dir='ltr'>vel</span> <span class='ocrx_word' id='word_1_208' title='bbox 1583 2724 1876 2782; x_wconf 89' lang='lat' dir='ltr'>contritio-</span> 
     </span>
     <span class='ocr_line' id='line_1_30' title="bbox 514 2804 1875 2879; baseline 0.001 -18"><span class='ocrx_word' id='word_1_209' title='bbox 514 2805 606 2861; x_wconf 87' lang='lat' dir='ltr'>nis</span> <span class='ocrx_word' id='word_1_210' title='bbox 626 2820 748 2864; x_wconf 87' lang='lat' dir='ltr'>esse</span> <span class='ocrx_word' id='word_1_211' title='bbox 772 2821 1000 2863; x_wconf 88' lang='lat' dir='ltr'>causam</span> <span class='ocrx_word' id='word_1_212' title='bbox 1031 2805 1334 2863; x_wconf 82' lang='lat' dir='ltr'>formalem</span> <span class='ocrx_word' id='word_1_213' title='bbox 1364 2809 1574 2861; x_wconf 85' lang='lat' dir='ltr'>nostrae</span> <span class='ocrx_word' id='word_1_214' title='bbox 1594 2804 1875 2879; x_wconf 85' lang='lat' dir='ltr'>justifica-</span> 
     </span>
     <span class='ocr_line' id='line_1_31' title="bbox 514 2885 1871 2962; baseline 0.001 -19"><span class='ocrx_word' id='word_1_215' title='bbox 514 2888 716 2945; x_wconf 81' lang='lat' dir='ltr'>tionis,</span> <span class='ocrx_word' id='word_1_216' title='bbox 749 2888 908 2953; x_wconf 90' lang='lat' dir='ltr'>Quod</span> <span class='ocrx_word' id='word_1_217' title='bbox 952 2885 1278 2962; x_wconf 83' lang='lat' dir='ltr'>significare</span> <span class='ocrx_word' id='word_1_218' title='bbox 1326 2885 1553 2943; x_wconf 84' lang='lat' dir='ltr'>videtur</span> <span class='ocrx_word' id='word_1_219' title='bbox 1593 2887 1871 2954; x_wconf 85' lang='lat' dir='ltr'>Ecclesia,</span> 
     </span>
     <span class='ocr_line' id='line_1_32' title="bbox 511 2968 1872 3028; baseline -0.001 -3"><span class='ocrx_word' id='word_1_220' title='bbox 511 2969 652 3026; x_wconf 90' lang='lat' dir='ltr'>dum</span> <span class='ocrx_word' id='word_1_221' title='bbox 699 2971 762 3027; x_wconf 90' lang='lat' dir='ltr'>in</span> <span class='ocrx_word' id='word_1_222' title='bbox 817 2969 1214 3028; x_wconf 87' lang='lat' dir='ltr'>benedictione</span> <span class='ocrx_word' id='word_1_223' title='bbox 1264 2970 1602 3026; x_wconf 75' lang='lat' dir='ltr'>palmarum</span> <span class='ocrx_word' id='word_1_224' title='bbox 1653 2968 1808 3025; x_wconf 90' lang='lat' dir='ltr'>canit</span> <span class='ocrx_word' id='word_1_225' title='bbox 1858 2990 1872 3024; x_wconf 71' lang='grc' dir='ltr'><em>ε</em></span> 
     </span>
     <span class='ocr_line' id='line_1_33' title="bbox 512 3051 1870 3128; baseline -0.001 -21"><span class='ocrx_word' id='word_1_226' title='bbox 512 3051 660 3107; x_wconf 80' lang='lat' dir='ltr'>Deus</span> <span class='ocrx_word' id='word_1_227' title='bbox 684 3069 840 3128; x_wconf 80' lang='lat' dir='ltr'>quem</span> <span class='ocrx_word' id='word_1_228' title='bbox 859 3051 1099 3121; x_wconf 73' lang='lat' dir='ltr'>diliyere,</span> <span class='ocrx_word' id='word_1_229' title='bbox 1123 3059 1172 3106; x_wconf 87' lang='lat' dir='ltr'>et</span> <span class='ocrx_word' id='word_1_230' title='bbox 1193 3067 1383 3106; x_wconf 84' lang='lat' dir='ltr'>amare</span> <span class='ocrx_word' id='word_1_231' title='bbox 1400 3051 1627 3123; x_wconf 81' lang='lat' dir='ltr'>justitia</span> <span class='ocrx_word' id='word_1_232' title='bbox 1651 3056 1747 3116; x_wconf 84' lang='lat' dir='ltr'>est,</span> <span class='ocrx_word' id='word_1_233' title='bbox 1771 3056 1870 3105; x_wconf 88' lang='lat' dir='ltr'>etc.</span> 
     </span>
     <span class='ocr_line' id='line_1_34' title="bbox 318 3131 1876 3207; baseline -0.001 -20"><span class='ocrx_word' id='word_1_234' title='bbox 318 3157 503 3198; x_wconf 76' lang='lat' dir='ltr'>Enerva·</span> <span class='ocrx_word' id='word_1_235' title='bbox 590 3134 706 3190; x_wconf 89' lang='lat' dir='ltr'>Hoc</span> <span class='ocrx_word' id='word_1_236' title='bbox 733 3131 1199 3199; x_wconf 79' lang='lat' dir='ltr'>fundamentum,</span> <span class='ocrx_word' id='word_1_237' title='bbox 1232 3132 1323 3189; x_wconf 91' lang='lat' dir='ltr'>cui</span> <span class='ocrx_word' id='word_1_238' title='bbox 1353 3133 1638 3207; x_wconf 82' lang='lat' dir='ltr'>praecipue</span> <span class='ocrx_word' id='word_1_239' title='bbox 1665 3131 1876 3187; x_wconf 89' lang='lat' dir='ltr'>inniti-</span> 
     </span>
    </p>
   </div>
   <div class='ocr_carea' id='block_1_5' title="bbox 329 3208 1932 3287">
    <p class='ocr_par' dir='ltr' id='par_1_5' title="bbox 329 3208 1932 3287">
     <span class='ocr_line' id='line_1_35' title="bbox 329 3208 1932 3287; baseline 0.003 -24"><span class='ocrx_word' id='word_1_240' title='bbox 329 3212 409 3253; x_wconf 68' lang='lat' dir='ltr'>u¹¹·</span> <span class='ocrx_word' id='word_1_241' title='bbox 434 3208 474 3247; x_wconf 71' lang='lat'>⁰¹</span> <span class='ocrx_word' id='word_1_242' title='bbox 515 3217 611 3266; x_wconf 90' lang='lat' dir='ltr'>tur</span> <span class='ocrx_word' id='word_1_243' title='bbox 651 3212 924 3284; x_wconf 82' lang='lat' dir='ltr'>vasquez,</span> <span class='ocrx_word' id='word_1_244' title='bbox 959 3212 1173 3285; x_wconf 90' lang='lat' dir='ltr'>patitur</span> <span class='ocrx_word' id='word_1_245' title='bbox 1212 3219 1408 3270; x_wconf 87' lang='lat' dir='ltr'>nostro</span> <span class='ocrx_word' id='word_1_246' title='bbox 1439 3213 1653 3287; x_wconf 86' lang='lat' dir='ltr'>judicio</span> <span class='ocrx_word' id='word_1_247' title='bbox 1681 3212 1875 3267; x_wconf 89' lang='lat' dir='ltr'>mani-</span> <span class='ocrx_word' id='word_1_248' title='bbox 1928 3217 1932 3220; x_wconf 78' lang='grc'><strong><em>’</em></strong></span> 
     </span>
    </p>
   </div>
   <div class='ocr_carea' id='block_1_6' title="bbox 322 3259 1874 3366">
    <p class='ocr_par' dir='ltr' id='par_1_6' title="bbox 322 3259 1874 3366">
     <span class='ocr_line' id='line_1_36' title="bbox 322 3259 1874 3366; baseline 0.001 -19"><span class='ocrx_word' id='word_1_249' title='bbox 322 3259 482 3356; x_wconf 43' lang='lat' dir='ltr'>affigi-1</span> <span class='ocrx_word' id='word_1_250' title='bbox 515 3291 718 3348; x_wconf 80' lang='lat' dir='ltr'>sestam</span> <span class='ocrx_word' id='word_1_251' title='bbox 758 3292 1116 3359; x_wconf 82' lang='lat' dir='ltr'>instantiam,</span> <span class='ocrx_word' id='word_1_252' title='bbox 1160 3298 1217 3350; x_wconf 93' lang='lat' dir='ltr'>et</span> <span class='ocrx_word' id='word_1_253' title='bbox 1263 3298 1442 3366; x_wconf 87' lang='lat' dir='ltr'>potest</span> <span class='ocrx_word' id='word_1_254' title='bbox 1466 3292 1774 3350; x_wconf 87' lang='lat' dir='ltr'>adversum</span> <span class='ocrx_word' id='word_1_255' title='bbox 1796 3293 1874 3348; x_wconf 90' lang='lat' dir='ltr'>il-</span> 
     </span>
    </p>
   </div>
   <div class='ocr_carea' id='block_1_7' title="bbox 298 3374 1878 4989">
    <p class='ocr_par' dir='ltr' id='par_1_7' title="bbox 513 3374 1877 3449">
     <span class='ocr_line' id='line_1_37' title="bbox 513 3374 1877 3449; baseline 0 -19"><span class='ocrx_word' id='word_1_256' title='bbox 513 3376 635 3430; x_wconf 90' lang='lat' dir='ltr'>lum</span> <span class='ocrx_word' id='word_1_257' title='bbox 660 3374 1024 3447; x_wconf 82' lang='lat' dir='ltr'>retorqueri:</span> <span class='ocrx_word' id='word_1_258' title='bbox 1072 3391 1208 3432; x_wconf 91' lang='lat' dir='ltr'>nam</span> <span class='ocrx_word' id='word_1_259' title='bbox 1248 3375 1423 3432; x_wconf 89' lang='lat' dir='ltr'>etiam</span> <span class='ocrx_word' id='word_1_260' title='bbox 1465 3376 1777 3449; x_wconf 86' lang='lat' dir='ltr'>Scriptura,</span> <span class='ocrx_word' id='word_1_261' title='bbox 1820 3380 1877 3433; x_wconf 91' lang='lat' dir='ltr'>et</span> 
     </span>
    </p>

    <p class='ocr_par' dir='ltr' id='par_1_8' title="bbox 513 3455 1876 3533">
     <span class='ocr_line' id='line_1_38' title="bbox 513 3455 1876 3533; baseline 0.001 -21"><span class='ocrx_word' id='word_1_262' title='bbox 513 3459 711 3514; x_wconf 86' lang='lat' dir='ltr'>Patres</span> <span class='ocrx_word' id='word_1_263' title='bbox 753 3456 973 3525; x_wconf 86' lang='lat' dir='ltr'>docent,</span> <span class='ocrx_word' id='word_1_264' title='bbox 1000 3458 1297 3515; x_wconf 90' lang='lat' dir='ltr'>hominem</span> <span class='ocrx_word' id='word_1_265' title='bbox 1320 3456 1618 3533; x_wconf 72' lang='lat' dir='ltr'>justificari</span> <span class='ocrx_word' id='word_1_266' title='bbox 1662 3474 1764 3531; x_wconf 87' lang='lat' dir='ltr'>per</span> <span class='ocrx_word' id='word_1_267' title='bbox 1802 3455 1876 3513; x_wconf 84' lang='lat' dir='ltr'>fi-</span> 
     </span>
    </p>

    <p class='ocr_par' dir='ltr' id='par_1_9' title="bbox 298 3537 1875 3611">
     <span class='ocr_line' id='line_1_39' title="bbox 298 3537 1875 3611; baseline 0.001 -19"><span class='ocrx_word' id='word_1_268' title='bbox 298 3548 363 3592; x_wconf 70' lang='grc' dir='ltr'>Λᾶ</span> <span class='ocrx_word' id='word_1_269' title='bbox 378 3550 497 3592; x_wconf 78' lang='lat' dir='ltr'>Rom.</span> <span class='ocrx_word' id='word_1_270' title='bbox 511 3537 661 3605; x_wconf 91' lang='lat' dir='ltr'>dem,</span> <span class='ocrx_word' id='word_1_271' title='bbox 684 3543 744 3593; x_wconf 89' lang='lat' dir='ltr'>ut</span> <span class='ocrx_word' id='word_1_272' title='bbox 769 3538 840 3595; x_wconf 86' lang='lat' dir='ltr'>ad</span> <span class='ocrx_word' id='word_1_273' title='bbox 863 3541 1106 3596; x_wconf 88' lang='lat' dir='ltr'>Roman.</span> <span class='ocrx_word' id='word_1_274' title='bbox 1133 3540 1197 3595; x_wconf 81' lang='lat'>3:</span> <span class='ocrx_word' id='word_1_275' title='bbox 1217 3538 1449 3594; x_wconf 72' lang='lat' dir='ltr'>lustitia</span> <span class='ocrx_word' id='word_1_276' title='bbox 1478 3538 1580 3595; x_wconf 81' lang='lat' dir='ltr'>Dei</span> <span class='ocrx_word' id='word_1_277' title='bbox 1598 3556 1699 3611; x_wconf 84' lang='lat' dir='ltr'>per</span> <span class='ocrx_word' id='word_1_278' title='bbox 1715 3539 1875 3611; x_wconf 81' lang='lat' dir='ltr'>fidem</span> 
     </span>
    </p>

    <p class='ocr_par' dir='ltr' id='par_1_10' title="bbox 326 3599 1877 3693">
     <span class='ocr_line' id='line_1_40' title="bbox 326 3599 1877 3693; baseline -0.001 -16"><span class='ocrx_word' id='word_1_279' title='bbox 326 3599 457 3691; x_wconf 54' lang='lat'>332&#39;150,</span> <span class='ocrx_word' id='word_1_280' title='bbox 510 3619 640 3676; x_wconf 83' lang='lat' dir='ltr'>Jesu</span> <span class='ocrx_word' id='word_1_281' title='bbox 682 3620 910 3679; x_wconf 77' lang='lat' dir='ltr'>Christi.</span> <span class='ocrx_word' id='word_1_282' title='bbox 956 3622 1025 3677; x_wconf 90' lang='lat' dir='ltr'>Et</span> <span class='ocrx_word' id='word_1_283' title='bbox 1068 3636 1188 3693; x_wconf 83' lang='lat' dir='ltr'>cap.</span> <span class='ocrx_word' id='word_1_284' title='bbox 1233 3622 1298 3674; x_wconf 84' lang='lat'>5:</span> <span class='ocrx_word' id='word_1_285' title='bbox 1336 3618 1639 3690; x_wconf 82' lang='lat' dir='ltr'>Justificati</span> <span class='ocrx_word' id='word_1_286' title='bbox 1675 3637 1748 3676; x_wconf 72' lang='lat' dir='ltr'>ea:</span> <span class='ocrx_word' id='word_1_287' title='bbox 1771 3621 1877 3686; x_wconf 77' lang='lat' dir='ltr'>fide</span> 
     </span>
    </p>

    <p class='ocr_par' dir='ltr' id='par_1_11' title="bbox 548 3700 1878 3773">
     <span class='ocr_line' id='line_1_41' title="bbox 548 3700 1878 3773; baseline -0.001 -16"><span class='ocrx_word' id='word_1_288' title='bbox 548 3719 698 3758; x_wconf 88' lang='lat' dir='ltr'>acem</span> <span class='ocrx_word' id='word_1_289' title='bbox 722 3702 1037 3758; x_wconf 80' lang='lat' dir='ltr'>habeamus,</span> <span class='ocrx_word' id='word_1_290' title='bbox 1070 3704 1135 3756; x_wconf 89' lang='lat' dir='ltr'>Et</span> <span class='ocrx_word' id='word_1_291' title='bbox 1158 3718 1276 3773; x_wconf 88' lang='lat' dir='ltr'>cap.</span> <span class='ocrx_word' id='word_1_292' title='bbox 1313 3701 1402 3756; x_wconf 89' lang='lat' dir='ltr'>lO:</span> <span class='ocrx_word' id='word_1_293' title='bbox 1433 3700 1626 3756; x_wconf 78' lang='lat' dir='ltr'>Omnis</span> <span class='ocrx_word' id='word_1_294' title='bbox 1681 3703 1743 3756; x_wconf 81' lang='lat' dir='ltr'>ui</span> <span class='ocrx_word' id='word_1_295' title='bbox 1766 3719 1878 3756; x_wconf 81' lang='lat' dir='ltr'>ere-</span> 
     </span>
    </p>

    <p class='ocr_par' dir='ltr' id='par_1_12' title="bbox 300 3719 1872 3854">
     <span class='ocr_line' id='line_1_42' title="bbox 300 3719 1872 3854; baseline -0.001 -15"><span class='ocrx_word' id='word_1_296' title='bbox 300 3798 423 3839; x_wconf 78' lang='lat' dir='ltr'>Joau.</span> <span class='ocrx_word' id='word_1_297' title='bbox 454 3720 591 3839; x_wconf 55' lang='lat' dir='ltr'>agit</span> <span class='ocrx_word' id='word_1_298' title='bbox 639 3785 697 3837; x_wconf 82' lang='lat' dir='ltr'>in</span> <span class='ocrx_word' id='word_1_299' title='bbox 739 3783 920 3847; x_wconf 79' lang='lat' dir='ltr'>illum,</span> <span class='ocrx_word' id='word_1_300' title='bbox 951 3801 1061 3838; x_wconf 86' lang='lat' dir='ltr'>non</span> <span class='ocrx_word' id='word_1_301' title='bbox 1086 3781 1469 3854; x_wconf 82' lang='lat' dir='ltr'>confundetur.</span> <span class='ocrx_word' id='word_1_302' title='bbox 1502 3781 1572 3835; x_wconf 88' lang='lat' dir='ltr'>Et</span> <span class='ocrx_word' id='word_1_303' title='bbox 1615 3719 1779 3838; x_wconf 63' lang='lat' dir='ltr'>Jgan.</span> <span class='ocrx_word' id='word_1_304' title='bbox 1814 3782 1872 3837; x_wconf 89' lang='lat'>3:</span> 
     </span>
    </p>

    <p class='ocr_par' dir='ltr' id='par_1_13' title="bbox 516 3863 1869 3940">
     <span class='ocr_line' id='line_1_43' title="bbox 516 3863 1869 3940; baseline -0.003 -19"><span class='ocrx_word' id='word_1_305' title='bbox 516 3863 588 3921; x_wconf 88' lang='lat' dir='ltr'>Ut</span> <span class='ocrx_word' id='word_1_306' title='bbox 630 3866 808 3921; x_wconf 84' lang='lat' dir='ltr'>omnis</span> <span class='ocrx_word' id='word_1_307' title='bbox 846 3867 942 3940; x_wconf 83' lang='lat' dir='ltr'>qui</span> <span class='ocrx_word' id='word_1_308' title='bbox 982 3864 1151 3919; x_wconf 84' lang='lat' dir='ltr'>credit</span> <span class='ocrx_word' id='word_1_309' title='bbox 1197 3864 1257 3917; x_wconf 79' lang='lat' dir='ltr'>in</span> <span class='ocrx_word' id='word_1_310' title='bbox 1297 3865 1478 3934; x_wconf 78' lang='lat' dir='ltr'>ipsum</span> <span class='ocrx_word' id='word_1_311' title='bbox 1516 3878 1626 3916; x_wconf 85' lang='lat' dir='ltr'>non</span> <span class='ocrx_word' id='word_1_312' title='bbox 1667 3869 1869 3933; x_wconf 83' lang='lat' dir='ltr'>pereat.</span> 
     </span>
    </p>

    <p class='ocr_par' dir='ltr' id='par_1_14' title="bbox 299 3942 1871 4077">
     <span class='ocr_line' id='line_1_44' title="bbox 299 3942 1871 4077; baseline -0.001 -77"><span class='ocrx_word' id='word_1_313' title='bbox 299 3979 422 4021; x_wconf 62' lang='lat' dir='ltr'>Lm„</span> <span class='ocrx_word' id='word_1_314' title='bbox 447 3978 470 4019; x_wconf 63' lang='grc' dir='ltr'>ς</span> <span class='ocrx_word' id='word_1_315' title='bbox 511 3947 672 4003; x_wconf 79' lang='lat' dir='ltr'>Lucae</span> <span class='ocrx_word' id='word_1_316' title='bbox 694 3949 730 4001; x_wconf 91' lang='grc'><strong>7</strong></span> <span class='ocrx_word' id='word_1_317' title='bbox 755 3943 950 4002; x_wconf 83' lang='lat' dir='ltr'>:Fides</span> <span class='ocrx_word' id='word_1_318' title='bbox 978 3952 1076 3999; x_wconf 81' lang='lat' dir='ltr'>tua</span> <span class='ocrx_word' id='word_1_319' title='bbox 1097 3952 1145 3998; x_wconf 82' lang='lat' dir='ltr'>te</span> <span class='ocrx_word' id='word_1_320' title='bbox 1163 3943 1382 3998; x_wconf 79' lang='lat' dir='ltr'>salvum</span> <span class='ocrx_word' id='word_1_321' title='bbox 1387 3943 1532 4075; x_wconf 51' lang='lat' dir='ltr'>1{ecit</span> <span class='ocrx_word' id='word_1_322' title='bbox 1548 4020 1580 4075; x_wconf 77' lang='lat' dir='ltr'>d</span> <span class='ocrx_word' id='word_1_323' title='bbox 1574 3942 1643 3997; x_wconf 89' lang='lat' dir='ltr'>Et</span> <span class='ocrx_word' id='word_1_324' title='bbox 1669 3944 1871 4077; x_wconf 40' lang='lat' dir='ltr'>capbg:</span> 
     </span>
     <span class='ocr_line' id='line_1_45' title="bbox 353 4024 1301 4070; baseline -0.006 0"><span class='ocrx_word' id='word_1_325' title='bbox 353 4028 444 4070; x_wconf 78' lang='lat' dir='ltr'>cta.</span> <span class='ocrx_word' id='word_1_326' title='bbox 563 4056 564 4059; x_wconf 15' lang='grc' dir='ltr'>η</span> <span class='ocrx_word' id='word_1_327' title='bbox 1291 4024 1301 4035; x_wconf 94' lang='grc'>·</span> 
     </span>
    </p>

    <p class='ocr_par' dir='ltr' id='par_1_15' title="bbox 321 4024 1877 4184">
     <span class='ocr_line' id='line_1_46' title="bbox 321 4024 1877 4184; baseline -0.003 -23"><span class='ocrx_word' id='word_1_328' title='bbox 321 4140 456 4184; x_wconf 49' lang='grc' dir='ltr'>ΗΜ</span> <span class='ocrx_word' id='word_1_329' title='bbox 510 4024 1355 4178; x_wconf 56' lang='lat' dir='ltr'>1⁰0,“Sl‘zss‘sst&#39;zzssgsf“i²}‘s.‡}:.⁸.·</span> <span class='ocrx_word' id='word_1_330' title='bbox 1371 4027 1877 4166; x_wconf 63' lang='lat' dir='ltr'>8‚‘.2‘z⁰2-31-¹;.-{¹.¹B.‘3</span> 
     </span>
    </p>

    <p class='ocr_par' dir='ltr' id='par_1_16' title="bbox 341 4182 1869 4256">
     <span class='ocr_line' id='line_1_47' title="bbox 341 4182 1869 4256; baseline -0.003 -12"><span class='ocrx_word' id='word_1_331' title='bbox 341 4192 470 4234; x_wconf 77' lang='lat' dir='ltr'>nasu.</span> <span class='ocrx_word' id='word_1_332' title='bbox 510 4184 677 4243; x_wconf 87' lang='lat' dir='ltr'>silius</span> <span class='ocrx_word' id='word_1_333' title='bbox 714 4185 945 4242; x_wconf 77' lang='lat' dir='ltr'>homilia</span> <span class='ocrx_word' id='word_1_334' title='bbox 984 4184 1047 4238; x_wconf 85' lang='lat' dir='ltr'>de</span> <span class='ocrx_word' id='word_1_335' title='bbox 1091 4184 1425 4248; x_wconf 79' lang='lat' dir='ltr'>humilitate,</span> <span class='ocrx_word' id='word_1_336' title='bbox 1479 4182 1869 4256; x_wconf 79' lang='lat' dir='ltr'>chrysostom.</span> 
     </span>
    </p>

    <p class='ocr_par' dir='ltr' id='par_1_17' title="bbox 298 4240 1870 4402">
     <span class='ocr_line' id='line_1_48' title="bbox 298 4240 1870 4402; baseline -0.004 1"><span class='ocrx_word' id='word_1_337' title='bbox 298 4240 699 4402; x_wconf 47' lang='grc' dir='ltr'>Οὲἓέῗῗοῃὶἐ·</span> <span class='ocrx_word' id='word_1_338' title='bbox 728 4265 931 4337; x_wconf 48' lang='lat' dir='ltr'>aa,</span> <span class='ocrx_word' id='word_1_339' title='bbox 963 4261 1870 4401; x_wconf 47' lang='lat' dir='ltr'>“iffi‘ffz‘fflssffldgff‘tt‘</span> 
     </span>
    </p>

    <p class='ocr_par' dir='ltr' id='par_1_18' title="bbox 299 4359 1875 4501">
     <span class='ocr_line' id='line_1_49' title="bbox 299 4359 1875 4501; baseline 0.001 -22"><span class='ocrx_word' id='word_1_340' title='bbox 299 4391 474 4493; x_wconf 55' lang='lat' dir='ltr'>aas:</span> <span class='ocrx_word' id='word_1_341' title='bbox 522 4363 1130 4501; x_wconf 55' lang='lat' dir='ltr'>1⁹2055555223²22pa</span> <span class='ocrx_word' id='word_1_342' title='bbox 1164 4362 1349 4495; x_wconf 56' lang='lat' dir='ltr'>pag.</span> <span class='ocrx_word' id='word_1_343' title='bbox 1383 4359 1657 4498; x_wconf 58' lang='lat' dir='ltr'>origeni.</span> <span class='ocrx_word' id='word_1_344' title='bbox 1676 4385 1752 4480; x_wconf 65' lang='lat'>..2</span> <span class='ocrx_word' id='word_1_345' title='bbox 1772 4385 1875 4480; x_wconf 54' lang='lat' dir='ltr'>aa</span> 
     </span>
    </p>

    <p class='ocr_par' dir='ltr' id='par_1_19' title="bbox 511 4507 1876 4579">
     <span class='ocr_line' id='line_1_50' title="bbox 511 4507 1876 4579; baseline -0.004 -12"><span class='ocrx_word' id='word_1_346' title='bbox 511 4511 676 4567; x_wconf 84' lang='lat' dir='ltr'>verba</span> <span class='ocrx_word' id='word_1_347' title='bbox 704 4510 859 4568; x_wconf 84' lang='lat' dir='ltr'>Rom.</span> <span class='ocrx_word' id='word_1_348' title='bbox 892 4511 947 4566; x_wconf 91' lang='lat'>3:</span> <span class='ocrx_word' id='word_1_349' title='bbox 972 4507 1334 4566; x_wconf 75' lang='lat' dir='ltr'>Arbitrantur</span> <span class='ocrx_word' id='word_1_350' title='bbox 1364 4508 1668 4579; x_wconf 74' lang='lat' dir='ltr'>justificari</span> <span class='ocrx_word' id='word_1_351' title='bbox 1693 4507 1876 4561; x_wconf 80' lang='lat' dir='ltr'>homi-</span> 
     </span>
    </p>

    <p class='ocr_par' dir='ltr' id='par_1_20' title="bbox 509 4588 1876 4668">
     <span class='ocr_line' id='line_1_51' title="bbox 509 4588 1876 4668; baseline -0.004 -16"><span class='ocrx_word' id='word_1_352' title='bbox 509 4613 631 4652; x_wconf 87' lang='lat' dir='ltr'>nem</span> <span class='ocrx_word' id='word_1_353' title='bbox 669 4611 770 4668; x_wconf 81' lang='lat' dir='ltr'>per</span> <span class='ocrx_word' id='word_1_354' title='bbox 790 4593 969 4660; x_wconf 74' lang='lat' dir='ltr'>fidem,</span> <span class='ocrx_word' id='word_1_355' title='bbox 1000 4588 1095 4646; x_wconf 90' lang='lat' dir='ltr'>ubi</span> <span class='ocrx_word' id='word_1_356' title='bbox 1125 4592 1238 4648; x_wconf 89' lang='lat' dir='ltr'>ait:</span> <span class='ocrx_word' id='word_1_357' title='bbox 1268 4592 1423 4647; x_wconf 82' lang='lat' dir='ltr'>Dicit</span> <span class='ocrx_word' id='word_1_358' title='bbox 1444 4591 1686 4663; x_wconf 83' lang='lat' dir='ltr'>sufficere</span> <span class='ocrx_word' id='word_1_359' title='bbox 1705 4590 1876 4646; x_wconf 79' lang='lat' dir='ltr'>solius</span> 
     </span>
    </p>

    <p class='ocr_par' dir='ltr' id='par_1_21' title="bbox 508 4673 1878 4750">
     <span class='ocr_line' id='line_1_52' title="bbox 508 4673 1878 4750; baseline -0.004 -17"><span class='ocrx_word' id='word_1_360' title='bbox 508 4679 637 4744; x_wconf 79' lang='lat' dir='ltr'>fidei</span> <span class='ocrx_word' id='word_1_361' title='bbox 654 4677 1129 4750; x_wconf 75' lang='lat' dir='ltr'>justificationem,</span> <span class='ocrx_word' id='word_1_362' title='bbox 1161 4676 1242 4729; x_wconf 81' lang='lat' dir='ltr'>ita</span> <span class='ocrx_word' id='word_1_363' title='bbox 1264 4682 1324 4730; x_wconf 83' lang='lat' dir='ltr'>ut</span> <span class='ocrx_word' id='word_1_364' title='bbox 1347 4673 1563 4729; x_wconf 83' lang='lat' dir='ltr'>credens</span> <span class='ocrx_word' id='word_1_365' title='bbox 1584 4674 1706 4750; x_wconf 76' lang='lat' dir='ltr'>quis</span> <span class='ocrx_word' id='word_1_366' title='bbox 1742 4680 1878 4727; x_wconf 81' lang='lat' dir='ltr'>tan-</span> 
     </span>
    </p>

    <p class='ocr_par' dir='ltr' id='par_1_22' title="bbox 318 4753 1877 4834">
     <span class='ocr_line' id='line_1_53' title="bbox 318 4753 1877 4834; baseline -0.006 -18"><span class='ocrx_word' id='word_1_367' title='bbox 318 4790 358 4830; x_wconf 70' lang='lat'><em>„</em></span> <span class='ocrx_word' id='word_1_368' title='bbox 393 4757 786 4834; x_wconf 49' lang='lat' dir='ltr'>Thatummoclo</span> <span class='ocrx_word' id='word_1_369' title='bbox 829 4756 1183 4829; x_wconf 74' lang='lat' dir='ltr'>justificetur.</span> <span class='ocrx_word' id='word_1_370' title='bbox 1205 4756 1274 4810; x_wconf 87' lang='lat' dir='ltr'>Et</span> <span class='ocrx_word' id='word_1_371' title='bbox 1302 4757 1365 4812; x_wconf 92' lang='lat' dir='ltr'>D.</span> <span class='ocrx_word' id='word_1_372' title='bbox 1393 4754 1597 4811; x_wconf 88' lang='lat' dir='ltr'>Thom.</span> <span class='ocrx_word' id='word_1_373' title='bbox 1624 4753 1687 4809; x_wconf 88' lang='lat' dir='ltr'>in</span> <span class='ocrx_word' id='word_1_374' title='bbox 1712 4754 1877 4827; x_wconf 86' lang='lat' dir='ltr'>hym-</span> 
     </span>
    </p>

    <p class='ocr_par' dir='ltr' id='par_1_23' title="bbox 512 4833 1877 4911">
     <span class='ocr_line' id='line_1_54' title="bbox 512 4833 1877 4911; baseline -0.006 -15"><span class='ocrx_word' id='word_1_375' title='bbox 512 4856 588 4897; x_wconf 91' lang='lat' dir='ltr'>no</span> <span class='ocrx_word' id='word_1_376' title='bbox 625 4837 1007 4896; x_wconf 86' lang='lat' dir='ltr'>solemnitatis</span> <span class='ocrx_word' id='word_1_377' title='bbox 1027 4838 1282 4911; x_wconf 90' lang='lat' dir='ltr'>corporis</span> <span class='ocrx_word' id='word_1_378' title='bbox 1322 4835 1555 4902; x_wconf 88' lang='lat' dir='ltr'>Christi,</span> <span class='ocrx_word' id='word_1_379' title='bbox 1599 4835 1682 4892; x_wconf 91' lang='lat' dir='ltr'>ait</span> <span class='ocrx_word' id='word_1_380' title='bbox 1719 4856 1733 4891; x_wconf 84' lang='lat'>:</span> <span class='ocrx_word' id='word_1_381' title='bbox 1782 4833 1877 4892; x_wconf 82' lang='lat' dir='ltr'>Ad</span> 
     </span>
    </p>

    <p class='ocr_par' dir='ltr' id='par_1_24' title="bbox 510 4915 1876 4989">
     <span class='ocr_line' id='line_1_55' title="bbox 510 4915 1876 4989; baseline -0.005 -13"><span class='ocrx_word' id='word_1_382' title='bbox 510 4920 849 4985; x_wconf 72' lang='lat' dir='ltr'>firmandum</span> <span class='ocrx_word' id='word_1_383' title='bbox 868 4936 959 4975; x_wconf 81' lang='lat' dir='ltr'>cor</span> <span class='ocrx_word' id='word_1_384' title='bbox 977 4920 1251 4974; x_wconf 82' lang='lat' dir='ltr'>sincerum</span> <span class='ocrx_word' id='word_1_385' title='bbox 1271 4918 1386 4973; x_wconf 81' lang='lat' dir='ltr'>sola</span> <span class='ocrx_word' id='word_1_386' title='bbox 1406 4916 1539 4982; x_wconf 80' lang='lat' dir='ltr'>fides</span> <span class='ocrx_word' id='word_1_387' title='bbox 1559 4916 1779 4989; x_wconf 80' lang='lat' dir='ltr'>sufficit.</span> <span class='ocrx_word' id='word_1_388' title='bbox 1807 4915 1876 4969; x_wconf 88' lang='lat' dir='ltr'>Et</span> 
     </span>
    </p>
   </div>
   <div class='ocr_carea' id='block_1_8' title="bbox 510 4996 1874 5059">
    <p class='ocr_par' dir='ltr' id='par_1_25' title="bbox 510 4996 1874 5059">
     <span class='ocr_line' id='line_1_56' title="bbox 510 4996 1874 5059; baseline -0.005 0"><span class='ocrx_word' id='word_1_389' title='bbox 510 5001 710 5059; x_wconf 89' lang='lat' dir='ltr'>eadem</span> <span class='ocrx_word' id='word_1_390' title='bbox 739 5000 875 5058; x_wconf 89' lang='lat' dir='ltr'>satis</span> <span class='ocrx_word' id='word_1_391' title='bbox 895 5002 1279 5059; x_wconf 88' lang='lat' dir='ltr'>communiter</span> <span class='ocrx_word' id='word_1_392' title='bbox 1309 5003 1572 5057; x_wconf 88' lang='lat' dir='ltr'>asserunt</span> <span class='ocrx_word' id='word_1_393' title='bbox 1597 4997 1699 5055; x_wconf 92' lang='lat' dir='ltr'>alii</span> <span class='ocrx_word' id='word_1_394' title='bbox 1726 4996 1874 5055; x_wconf 87' lang='lat' dir='ltr'>sacri</span> 
     </span>
    </p>
   </div>
   <div class='ocr_carea' id='block_1_9' title="bbox 2007 542 3558 2559">
    <p class='ocr_par' dir='ltr' id='par_1_26' title="bbox 2007 542 3558 2559">
     <span class='ocr_line' id='line_1_57' title="bbox 2013 542 3365 615; baseline 0.001 -19"><span class='ocrx_word' id='word_1_395' title='bbox 2013 543 2295 599; x_wconf 89' lang='lat' dir='ltr'>Doctores.</span> <span class='ocrx_word' id='word_1_396' title='bbox 2330 543 2398 596; x_wconf 86' lang='lat' dir='ltr'>Et</span> <span class='ocrx_word' id='word_1_397' title='bbox 2444 546 2635 597; x_wconf 89' lang='lat' dir='ltr'>tamen</span> <span class='ocrx_word' id='word_1_398' title='bbox 2666 557 2768 597; x_wconf 89' lang='lat' dir='ltr'>nec</span> <span class='ocrx_word' id='word_1_399' title='bbox 2804 542 3055 612; x_wconf 81' lang='lat' dir='ltr'>vasquez</span> <span class='ocrx_word' id='word_1_400' title='bbox 3093 542 3232 615; x_wconf 89' lang='lat' dir='ltr'>ipse,</span> <span class='ocrx_word' id='word_1_401' title='bbox 3265 557 3365 598; x_wconf 92' lang='lat' dir='ltr'>nec</span> 
     </span>
     <span class='ocr_line' id='line_1_58' title="bbox 2010 620 3366 679; baseline 0 -3"><span class='ocrx_word' id='word_1_402' title='bbox 2010 621 2432 679; x_wconf 84' lang='lat' dir='ltr'>catholicorum</span> <span class='ocrx_word' id='word_1_403' title='bbox 2449 621 2598 678; x_wconf 89' lang='lat' dir='ltr'>alius</span> <span class='ocrx_word' id='word_1_404' title='bbox 2614 620 2844 677; x_wconf 90' lang='lat' dir='ltr'>audebit</span> <span class='ocrx_word' id='word_1_405' title='bbox 2858 621 3047 678; x_wconf 87' lang='lat' dir='ltr'>dicere</span> <span class='ocrx_word' id='word_1_406' title='bbox 3068 622 3186 679; x_wconf 80' lang='lat' dir='ltr'>haec</span> <span class='ocrx_word' id='word_1_407' title='bbox 3204 622 3366 679; x_wconf 91' lang='lat' dir='ltr'>testi-</span> 
     </span>
     <span class='ocr_line' id='line_1_59' title="bbox 2010 700 3366 774; baseline 0.001 -16"><span class='ocrx_word' id='word_1_408' title='bbox 2010 702 2207 759; x_wconf 88' lang='lat' dir='ltr'>monia</span> <span class='ocrx_word' id='word_1_409' title='bbox 2226 702 2510 768; x_wconf 85' lang='lat' dir='ltr'>evincere,</span> <span class='ocrx_word' id='word_1_410' title='bbox 2540 701 2687 774; x_wconf 89' lang='lat' dir='ltr'>quod</span> <span class='ocrx_word' id='word_1_411' title='bbox 2715 700 2854 758; x_wconf 83' lang='lat' dir='ltr'>fides</span> <span class='ocrx_word' id='word_1_412' title='bbox 2879 702 2953 757; x_wconf 88' lang='lat' dir='ltr'>sit</span> <span class='ocrx_word' id='word_1_413' title='bbox 2984 700 3054 758; x_wconf 93' lang='lat' dir='ltr'>de</span> <span class='ocrx_word' id='word_1_414' title='bbox 3081 701 3242 770; x_wconf 86' lang='lat' dir='ltr'>facto,</span> <span class='ocrx_word' id='word_1_415' title='bbox 3275 703 3366 759; x_wconf 84' lang='lat' dir='ltr'>vel</span> 
     </span>
     <span class='ocr_line' id='line_1_60' title="bbox 2009 781 3367 858; baseline -0.001 -18"><span class='ocrx_word' id='word_1_416' title='bbox 2009 784 2082 840; x_wconf 92' lang='lat' dir='ltr'>sit</span> <span class='ocrx_word' id='word_1_417' title='bbox 2107 801 2178 840; x_wconf 89' lang='lat' dir='ltr'>ex</span> <span class='ocrx_word' id='word_1_418' title='bbox 2207 790 2416 841; x_wconf 87' lang='lat' dir='ltr'>natura</span> <span class='ocrx_word' id='word_1_419' title='bbox 2439 800 2543 841; x_wconf 87' lang='lat' dir='ltr'>sua</span> <span class='ocrx_word' id='word_1_420' title='bbox 2588 785 2775 842; x_wconf 80' lang='lat' dir='ltr'>forma</span> <span class='ocrx_word' id='word_1_421' title='bbox 2819 781 3136 858; x_wconf 83' lang='lat' dir='ltr'>justificans</span> <span class='ocrx_word' id='word_1_422' title='bbox 3181 806 3196 851; x_wconf 89' lang='lat'>;</span> <span class='ocrx_word' id='word_1_423' title='bbox 3236 800 3367 840; x_wconf 89' lang='lat' dir='ltr'>cum</span> 
     </span>
     <span class='ocr_line' id='line_1_61' title="bbox 2011 863 3372 921; baseline -0.001 -1"><span class='ocrx_word' id='word_1_424' title='bbox 2011 864 2130 921; x_wconf 87' lang='lat' dir='ltr'>haec</span> <span class='ocrx_word' id='word_1_425' title='bbox 2173 866 2250 920; x_wconf 89' lang='lat' dir='ltr'>sit</span> <span class='ocrx_word' id='word_1_426' title='bbox 2288 864 2595 921; x_wconf 79' lang='lat' dir='ltr'>manifesta</span> <span class='ocrx_word' id='word_1_427' title='bbox 2634 865 3093 920; x_wconf 85' lang='lat' dir='ltr'>Lutheranorum</span> <span class='ocrx_word' id='word_1_428' title='bbox 3138 863 3372 921; x_wconf 81' lang='lat' dir='ltr'>haeresis</span> 
     </span>
     <span class='ocr_line' id='line_1_62' title="bbox 2009 945 3362 1004; baseline 0 -3"><span class='ocrx_word' id='word_1_429' title='bbox 2009 945 2281 1003; x_wconf 87' lang='lat' dir='ltr'>damnata</span> <span class='ocrx_word' id='word_1_430' title='bbox 2307 947 2370 1002; x_wconf 91' lang='lat' dir='ltr'>in</span> <span class='ocrx_word' id='word_1_431' title='bbox 2392 947 2646 1004; x_wconf 87' lang='lat' dir='ltr'>Concilio</span> <span class='ocrx_word' id='word_1_432' title='bbox 2665 945 2922 1003; x_wconf 88' lang='lat' dir='ltr'>Trident.</span> <span class='ocrx_word' id='word_1_433' title='bbox 2954 964 3081 1002; x_wconf 80' lang='lat' dir='ltr'>sess.</span> <span class='ocrx_word' id='word_1_434' title='bbox 3104 948 3140 1001; x_wconf 88' lang='grc'><strong>6</strong></span> <span class='ocrx_word' id='word_1_435' title='bbox 3160 963 3284 1002; x_wconf 87' lang='lat' dir='ltr'>can.</span> <span class='ocrx_word' id='word_1_436' title='bbox 3310 947 3362 1001; x_wconf 82' lang='lat'>9.</span> 
     </span>
     <span class='ocr_line' id='line_1_63' title="bbox 2011 1025 3369 1101; baseline 0.001 -21"><span class='ocrx_word' id='word_1_437' title='bbox 2011 1027 2158 1101; x_wconf 82' lang='lat' dir='ltr'>Ergo</span> <span class='ocrx_word' id='word_1_438' title='bbox 2187 1043 2289 1084; x_wconf 90' lang='lat' dir='ltr'>nec</span> <span class='ocrx_word' id='word_1_439' title='bbox 2331 1027 2677 1092; x_wconf 89' lang='lat' dir='ltr'>testimonia,</span> <span class='ocrx_word' id='word_1_440' title='bbox 2722 1025 2929 1099; x_wconf 90' lang='lat' dir='ltr'>quibus</span> <span class='ocrx_word' id='word_1_441' title='bbox 2965 1026 3196 1098; x_wconf 89' lang='lat' dir='ltr'>Vasquii</span> <span class='ocrx_word' id='word_1_442' title='bbox 3234 1041 3369 1082; x_wconf 89' lang='lat' dir='ltr'>sen-</span> 
     </span>
     <span class='ocr_line' id='line_1_64' title="bbox 2010 1108 3371 1181; baseline 0.001 -19"><span class='ocrx_word' id='word_1_443' title='bbox 2010 1108 2190 1165; x_wconf 88' lang='lat' dir='ltr'>tentia</span> <span class='ocrx_word' id='word_1_444' title='bbox 2218 1108 2508 1181; x_wconf 88' lang='lat' dir='ltr'>probatur,</span> <span class='ocrx_word' id='word_1_445' title='bbox 2542 1109 2706 1164; x_wconf 89' lang='lat' dir='ltr'>illam</span> <span class='ocrx_word' id='word_1_446' title='bbox 2732 1109 3007 1166; x_wconf 86' lang='lat' dir='ltr'>evincunt</span> <span class='ocrx_word' id='word_1_447' title='bbox 3031 1132 3046 1177; x_wconf 89' lang='lat'>;</span> <span class='ocrx_word' id='word_1_448' title='bbox 3076 1108 3371 1180; x_wconf 83' lang='lat' dir='ltr'>aequaliter</span> 
     </span>
     <span class='ocr_line' id='line_1_65' title="bbox 2008 1189 3365 1263; baseline 0.001 -17"><span class='ocrx_word' id='word_1_449' title='bbox 2008 1190 2169 1246; x_wconf 89' lang='lat' dir='ltr'>enim</span> <span class='ocrx_word' id='word_1_450' title='bbox 2190 1197 2417 1256; x_wconf 83' lang='lat' dir='ltr'>sonant,</span> <span class='ocrx_word' id='word_1_451' title='bbox 2447 1196 2504 1247; x_wconf 91' lang='lat' dir='ltr'>et</span> <span class='ocrx_word' id='word_1_452' title='bbox 2532 1189 2684 1246; x_wconf 88' lang='lat' dir='ltr'>idem</span> <span class='ocrx_word' id='word_1_453' title='bbox 2712 1189 3037 1263; x_wconf 87' lang='lat' dir='ltr'>significare</span> <span class='ocrx_word' id='word_1_454' title='bbox 3077 1189 3365 1255; x_wconf 82' lang='lat' dir='ltr'>videntur,</span> 
     </span>
     <span class='ocr_line' id='line_1_66' title="bbox 2009 1271 3368 1352; baseline 0.001 -24"><span class='ocrx_word' id='word_1_455' title='bbox 2009 1271 2167 1337; x_wconf 88' lang='lat' dir='ltr'>Quod</span> <span class='ocrx_word' id='word_1_456' title='bbox 2197 1272 2373 1346; x_wconf 88' lang='lat' dir='ltr'>igitur</span> <span class='ocrx_word' id='word_1_457' title='bbox 2403 1275 2657 1344; x_wconf 82' lang='lat' dir='ltr'>vasquez</span> <span class='ocrx_word' id='word_1_458' title='bbox 2682 1271 3041 1345; x_wconf 88' lang='lat' dir='ltr'>responderit</span> <span class='ocrx_word' id='word_1_459' title='bbox 3069 1273 3159 1329; x_wconf 88' lang='lat' dir='ltr'>his</span> <span class='ocrx_word' id='word_1_460' title='bbox 3183 1279 3368 1352; x_wconf 77' lang='lat' dir='ltr'>poste-</span> 
     </span>
     <span class='ocr_line' id='line_1_67' title="bbox 2014 1351 3371 1426; baseline -0.001 -17"><span class='ocrx_word' id='word_1_461' title='bbox 2014 1351 2266 1410; x_wconf 87' lang='lat' dir='ltr'>rioribus</span> <span class='ocrx_word' id='word_1_462' title='bbox 2311 1353 2677 1420; x_wconf 80' lang='lat' dir='ltr'>testimoniiS,</span> <span class='ocrx_word' id='word_1_463' title='bbox 2727 1351 2881 1410; x_wconf 89' lang='lat' dir='ltr'>idem</span> <span class='ocrx_word' id='word_1_464' title='bbox 2924 1354 3049 1409; x_wconf 86' lang='lat' dir='ltr'>illis</span> <span class='ocrx_word' id='word_1_465' title='bbox 3078 1352 3371 1426; x_wconf 87' lang='lat' dir='ltr'>prioribus</span> 
     </span>
     <span class='ocr_line' id='line_1_68' title="bbox 2010 1434 3366 1508; baseline 0 -17"><span class='ocrx_word' id='word_1_466' title='bbox 2010 1434 2557 1491; x_wconf 88' lang='lat' dir='ltr'>accommodandum</span> <span class='ocrx_word' id='word_1_467' title='bbox 2604 1436 3192 1508; x_wconf 69' lang='lat' dir='ltr'>‘proportionabiliter</span> <span class='ocrx_word' id='word_1_468' title='bbox 3243 1442 3366 1494; x_wconf 87' lang='lat' dir='ltr'>est.</span> 
     </span>
     <span class='ocr_line' id='line_1_69' title="bbox 2011 1516 3370 1590; baseline 0.001 -20"><span class='ocrx_word' id='word_1_469' title='bbox 2011 1517 2146 1571; x_wconf 80' lang='lat' dir='ltr'>Duae</span> <span class='ocrx_word' id='word_1_470' title='bbox 2174 1521 2364 1572; x_wconf 88' lang='lat' dir='ltr'>autem</span> <span class='ocrx_word' id='word_1_471' title='bbox 2411 1520 2548 1570; x_wconf 84' lang='lat' dir='ltr'>sunt</span> <span class='ocrx_word' id='word_1_472' title='bbox 2584 1531 2919 1573; x_wconf 90' lang='lat' dir='ltr'>communes</span> <span class='ocrx_word' id='word_1_473' title='bbox 2952 1516 3370 1590; x_wconf 90' lang='lat' dir='ltr'>Theologorum</span> 
     </span>
     <span class='ocr_line' id='line_1_70' title="bbox 2008 1596 3372 1672; baseline 0 -18"><span class='ocrx_word' id='word_1_474' title='bbox 2008 1598 2408 1670; x_wconf 89' lang='lat' dir='ltr'>expositiones,</span> <span class='ocrx_word' id='word_1_475' title='bbox 2439 1596 2648 1670; x_wconf 90' lang='lat' dir='ltr'>quibus</span> <span class='ocrx_word' id='word_1_476' title='bbox 2667 1598 2980 1666; x_wconf 88' lang='lat' dir='ltr'>declarant,</span> <span class='ocrx_word' id='word_1_477' title='bbox 3010 1598 3261 1672; x_wconf 86' lang='lat' dir='ltr'>qualiter</span> <span class='ocrx_word' id='word_1_478' title='bbox 3303 1598 3372 1654; x_wconf 83' lang='lat' dir='ltr'>fi-</span> 
     </span>
     <span class='ocr_line' id='line_1_71' title="bbox 2008 1677 3367 1755; baseline 0.002 -22"><span class='ocrx_word' id='word_1_479' title='bbox 2008 1677 2107 1735; x_wconf 91' lang='lat' dir='ltr'>des</span> <span class='ocrx_word' id='word_1_480' title='bbox 2145 1678 2367 1737; x_wconf 88' lang='lat' dir='ltr'>dicatur</span> <span class='ocrx_word' id='word_1_481' title='bbox 2394 1681 2729 1755; x_wconf 85' lang='lat' dir='ltr'>justificare.</span> <span class='ocrx_word' id='word_1_482' title='bbox 2775 1679 2985 1744; x_wconf 79' lang='lat' dir='ltr'>Primo,</span> <span class='ocrx_word' id='word_1_483' title='bbox 3035 1681 3185 1755; x_wconf 85' lang='lat' dir='ltr'>quod</span> <span class='ocrx_word' id='word_1_484' title='bbox 3228 1679 3367 1737; x_wconf 80' lang='lat' dir='ltr'>fides</span> 
     </span>
     <span class='ocr_line' id='line_1_72' title="bbox 2007 1759 3372 1835; baseline 0.001 -20"><span class='ocrx_word' id='word_1_485' title='bbox 2007 1759 2218 1816; x_wconf 87' lang='lat' dir='ltr'>dicitur</span> <span class='ocrx_word' id='word_1_486' title='bbox 2238 1759 2568 1835; x_wconf 83' lang='lat' dir='ltr'>justificare,</span> <span class='ocrx_word' id='word_1_487' title='bbox 2603 1778 2719 1820; x_wconf 89' lang='lat' dir='ltr'>non</span> <span class='ocrx_word' id='word_1_488' title='bbox 2748 1764 3092 1828; x_wconf 84' lang='lat' dir='ltr'>formaliter,</span> <span class='ocrx_word' id='word_1_489' title='bbox 3123 1761 3223 1819; x_wconf 89' lang='lat' dir='ltr'>sed</span> <span class='ocrx_word' id='word_1_490' title='bbox 3250 1761 3372 1817; x_wconf 90' lang='lat' dir='ltr'>dis-</span> 
     </span>
     <span class='ocr_line' id='line_1_73' title="bbox 2009 1842 3378 1919; baseline 0 -21"><span class='ocrx_word' id='word_1_491' title='bbox 2009 1842 2250 1916; x_wconf 86' lang='lat' dir='ltr'>positive</span> <span class='ocrx_word' id='word_1_492' title='bbox 2273 1865 2289 1909; x_wconf 86' lang='lat'>;</span> <span class='ocrx_word' id='word_1_493' title='bbox 2311 1847 2395 1898; x_wconf 88' lang='lat' dir='ltr'>est</span> <span class='ocrx_word' id='word_1_494' title='bbox 2422 1842 2585 1898; x_wconf 89' lang='lat' dir='ltr'>enim</span> <span class='ocrx_word' id='word_1_495' title='bbox 2613 1843 2911 1916; x_wconf 87' lang='lat' dir='ltr'>dispositio</span> <span class='ocrx_word' id='word_1_496' title='bbox 2933 1844 3001 1900; x_wconf 85' lang='lat' dir='ltr'>ad</span> <span class='ocrx_word' id='word_1_497' title='bbox 3023 1843 3294 1919; x_wconf 79' lang='lat' dir='ltr'>gratiam,</span> <span class='ocrx_word' id='word_1_498' title='bbox 3319 1849 3378 1900; x_wconf 87' lang='lat' dir='ltr'>et</span> 
     </span>
     <span class='ocr_line' id='line_1_74' title="bbox 2012 1921 3376 1998; baseline 0 -19"><span class='ocrx_word' id='word_1_499' title='bbox 2012 1922 2176 1979; x_wconf 88' lang='lat' dir='ltr'>radix</span> <span class='ocrx_word' id='word_1_500' title='bbox 2196 1921 2642 1997; x_wconf 76' lang='lat' dir='ltr'>justificationiS,</span> <span class='ocrx_word' id='word_1_501' title='bbox 2685 1926 2815 1981; x_wconf 88' lang='lat' dir='ltr'>sine</span> <span class='ocrx_word' id='word_1_502' title='bbox 2833 1942 2947 1998; x_wconf 90' lang='lat' dir='ltr'>qua</span> <span class='ocrx_word' id='word_1_503' title='bbox 2974 1924 3174 1997; x_wconf 88' lang='lat' dir='ltr'>nequit</span> <span class='ocrx_word' id='word_1_504' title='bbox 3202 1923 3376 1980; x_wconf 90' lang='lat' dir='ltr'>homo</span> 
     </span>
     <span class='ocr_line' id='line_1_75' title="bbox 2010 2003 3373 2079; baseline 0.001 -21"><span class='ocrx_word' id='word_1_505' title='bbox 2010 2004 2231 2076; x_wconf 87' lang='lat' dir='ltr'>placere</span> <span class='ocrx_word' id='word_1_506' title='bbox 2254 2004 2388 2060; x_wconf 91' lang='lat' dir='ltr'>Deo.</span> <span class='ocrx_word' id='word_1_507' title='bbox 2417 2003 2687 2070; x_wconf 81' lang='lat' dir='ltr'>Secundo,</span> <span class='ocrx_word' id='word_1_508' title='bbox 2717 2005 2867 2079; x_wconf 91' lang='lat' dir='ltr'>quod</span> <span class='ocrx_word' id='word_1_509' title='bbox 2897 2005 2958 2060; x_wconf 90' lang='lat' dir='ltr'>in</span> <span class='ocrx_word' id='word_1_510' title='bbox 2981 2003 3255 2062; x_wconf 87' lang='lat' dir='ltr'>omnibus</span> <span class='ocrx_word' id='word_1_511' title='bbox 3279 2018 3373 2060; x_wconf 86' lang='lat' dir='ltr'>re·-</span> 
     </span>
     <span class='ocr_line' id='line_1_76' title="bbox 2009 2083 3371 2151; baseline 0.003 -13"><span class='ocrx_word' id='word_1_512' title='bbox 2009 2084 2140 2141; x_wconf 90' lang='lat' dir='ltr'>latis</span> <span class='ocrx_word' id='word_1_513' title='bbox 2156 2084 2503 2141; x_wconf 87' lang='lat' dir='ltr'>testimoniis</span> <span class='ocrx_word' id='word_1_514' title='bbox 2523 2102 2715 2143; x_wconf 89' lang='lat' dir='ltr'>sermo</span> <span class='ocrx_word' id='word_1_515' title='bbox 2732 2084 2975 2143; x_wconf 91' lang='lat' dir='ltr'>habetur</span> <span class='ocrx_word' id='word_1_516' title='bbox 2989 2085 3059 2141; x_wconf 87' lang='lat' dir='ltr'>de</span> <span class='ocrx_word' id='word_1_517' title='bbox 3075 2083 3189 2141; x_wconf 85' lang='lat' dir='ltr'>fide</span> <span class='ocrx_word' id='word_1_518' title='bbox 3209 2086 3371 2151; x_wconf 80' lang='lat' dir='ltr'>viva,</span> 
     </span>
     <span class='ocr_line' id='line_1_77' title="bbox 2007 2165 3372 2242; baseline 0 -20"><span class='ocrx_word' id='word_1_519' title='bbox 2007 2181 2132 2239; x_wconf 80' lang='lat' dir='ltr'>quae</span> <span class='ocrx_word' id='word_1_520' title='bbox 2154 2181 2254 2238; x_wconf 90' lang='lat' dir='ltr'>per</span> <span class='ocrx_word' id='word_1_521' title='bbox 2274 2165 2638 2223; x_wconf 86' lang='lat' dir='ltr'>dilectionem</span> <span class='ocrx_word' id='word_1_522' title='bbox 2668 2172 2953 2242; x_wconf 87' lang='lat' dir='ltr'>operatur,</span> <span class='ocrx_word' id='word_1_523' title='bbox 2981 2173 3042 2223; x_wconf 92' lang='lat' dir='ltr'>ut</span> <span class='ocrx_word' id='word_1_524' title='bbox 3062 2167 3276 2223; x_wconf 89' lang='lat' dir='ltr'>dicitur</span> <span class='ocrx_word' id='word_1_525' title='bbox 3302 2165 3372 2223; x_wconf 90' lang='lat' dir='ltr'>ad</span> 
     </span>
     <span class='ocr_line' id='line_1_78' title="bbox 2008 2246 3551 2322; baseline 0.001 -22"><span class='ocrx_word' id='word_1_526' title='bbox 2008 2246 2190 2302; x_wconf 88' lang='lat' dir='ltr'>Galat.</span> <span class='ocrx_word' id='word_1_527' title='bbox 2230 2247 2285 2302; x_wconf 92' lang='lat'>5.</span> <span class='ocrx_word' id='word_1_528' title='bbox 2312 2247 2382 2301; x_wconf 88' lang='lat' dir='ltr'>Et</span> <span class='ocrx_word' id='word_1_529' title='bbox 2409 2252 2647 2319; x_wconf 87' lang='lat' dir='ltr'>utraque</span> <span class='ocrx_word' id='word_1_530' title='bbox 2673 2248 2952 2320; x_wconf 84' lang='lat' dir='ltr'>expositio</span> <span class='ocrx_word' id='word_1_531' title='bbox 2981 2247 3275 2322; x_wconf 85' lang='lat' dir='ltr'>colligitur</span> <span class='ocrx_word' id='word_1_532' title='bbox 3301 2262 3373 2303; x_wconf 85' lang='lat' dir='ltr'>ex</span> <span class='ocrx_word' id='word_1_533' title='bbox 3405 2249 3468 2293; x_wconf 79' lang='lat' dir='ltr'>Ad</span> <span class='ocrx_word' id='word_1_534' title='bbox 3486 2252 3551 2292; x_wconf 80' lang='lat' dir='ltr'>ca·</span> 
     </span>
     <span class='ocr_line' id='line_1_79' title="bbox 2009 2299 3547 2407; baseline 0 -24"><span class='ocrx_word' id='word_1_535' title='bbox 2009 2327 2264 2384; x_wconf 89' lang='lat' dir='ltr'>Concilio</span> <span class='ocrx_word' id='word_1_536' title='bbox 2303 2327 2561 2385; x_wconf 87' lang='lat' dir='ltr'>Trident.</span> <span class='ocrx_word' id='word_1_537' title='bbox 2592 2346 2718 2386; x_wconf 86' lang='lat' dir='ltr'>sess.</span> <span class='ocrx_word' id='word_1_538' title='bbox 2751 2332 2843 2386; x_wconf 82' lang='lat' dir='ltr'>cit.</span> <span class='ocrx_word' id='word_1_539' title='bbox 2887 2346 3010 2402; x_wconf 85' lang='lat' dir='ltr'>cap.</span> <span class='ocrx_word' id='word_1_540' title='bbox 3038 2332 3074 2384; x_wconf 85' lang='lat'><strong>7</strong></span> <span class='ocrx_word' id='word_1_541' title='bbox 3102 2335 3156 2386; x_wconf 91' lang='lat' dir='ltr'>et</span> <span class='ocrx_word' id='word_1_542' title='bbox 3180 2330 3240 2383; x_wconf 87' lang='lat'>8.</span> <span class='ocrx_word' id='word_1_543' title='bbox 3283 2328 3373 2383; x_wconf 91' lang='lat' dir='ltr'>Sic</span> <span class='ocrx_word' id='word_1_544' title='bbox 3401 2299 3547 2407; x_wconf 52' lang='lat' dir='ltr'>&amp;icil</span> 
     </span>
     <span class='ocr_line' id='line_1_80' title="bbox 2007 2397 3558 2484; baseline 0.001 -19"><span class='ocrx_word' id='word_1_545' title='bbox 2007 2425 2143 2484; x_wconf 90' lang='lat' dir='ltr'>ergo</span> <span class='ocrx_word' id='word_1_546' title='bbox 2167 2409 2382 2466; x_wconf 91' lang='lat' dir='ltr'>cumin</span> <span class='ocrx_word' id='word_1_547' title='bbox 2403 2426 2577 2483; x_wconf 90' lang='lat' dir='ltr'>supra</span> <span class='ocrx_word' id='word_1_548' title='bbox 2607 2411 2804 2466; x_wconf 89' lang='lat' dir='ltr'>relatis</span> <span class='ocrx_word' id='word_1_549' title='bbox 2829 2409 3155 2483; x_wconf 63' lang='lat' dir='ltr'>Scripturas,</span> <span class='ocrx_word' id='word_1_550' title='bbox 3186 2416 3245 2467; x_wconf 89' lang='lat' dir='ltr'>et</span> <span class='ocrx_word' id='word_1_551' title='bbox 3269 2412 3373 2466; x_wconf 87' lang='lat' dir='ltr'>Pa·</span> <span class='ocrx_word' id='word_1_552' title='bbox 3385 2397 3558 2442; x_wconf 70' lang='lat' dir='ltr'>‘rudent</span> 
     </span>
     <span class='ocr_line' id='line_1_81' title="bbox 2007 2490 3365 2559; baseline 0.002 -16"><span class='ocrx_word' id='word_1_553' title='bbox 2007 2494 2165 2544; x_wconf 90' lang='lat' dir='ltr'>trum</span> <span class='ocrx_word' id='word_1_554' title='bbox 2211 2490 2555 2546; x_wconf 88' lang='lat' dir='ltr'>testimoniis</span> <span class='ocrx_word' id='word_1_555' title='bbox 2596 2491 2889 2559; x_wconf 87' lang='lat' dir='ltr'>asseritur,</span> <span class='ocrx_word' id='word_1_556' title='bbox 2938 2506 3197 2548; x_wconf 88' lang='lat' dir='ltr'>amorem</span> <span class='ocrx_word' id='word_1_557' title='bbox 3243 2491 3365 2556; x_wconf 88' lang='lat' dir='ltr'>Dei,</span> 
     </span>
    </p>
   </div>
   <div class='ocr_carea' id='block_1_10' title="bbox 2007 2570 3370 2647">
    <p class='ocr_par' dir='ltr' id='par_1_27' title="bbox 2007 2570 3370 2647">
     <span class='ocr_line' id='line_1_82' title="bbox 2007 2570 3370 2647; baseline -0.001 -18"><span class='ocrx_word' id='word_1_558' title='bbox 2007 2573 2101 2629; x_wconf 83' lang='lat' dir='ltr'>vel</span> <span class='ocrx_word' id='word_1_559' title='bbox 2125 2570 2532 2629; x_wconf 83' lang='lat' dir='ltr'>contritionem</span> <span class='ocrx_word' id='word_1_560' title='bbox 2553 2572 2880 2646; x_wconf 87' lang='lat' dir='ltr'>justificare,</span> <span class='ocrx_word' id='word_1_561' title='bbox 2913 2574 3161 2630; x_wconf 88' lang='lat' dir='ltr'>minime</span> <span class='ocrx_word' id='word_1_562' title='bbox 3181 2573 3370 2647; x_wconf 90' lang='lat' dir='ltr'>signi-</span> 
     </span>
    </p>
   </div>
   <div class='ocr_carea' id='block_1_11' title="bbox 1982 2651 3374 2724">
    <p class='ocr_par' dir='ltr' id='par_1_28' title="bbox 1982 2651 3374 2724">
     <span class='ocr_line' id='line_1_83' title="bbox 1982 2651 3374 2724; baseline 0.003 -19"><span class='ocrx_word' id='word_1_563' title='bbox 1982 2651 2228 2717; x_wconf 74' lang='lat' dir='ltr'>ficatur,</span> <span class='ocrx_word' id='word_1_564' title='bbox 2263 2651 2557 2724; x_wconf 81' lang='lat' dir='ltr'>praedictos</span> <span class='ocrx_word' id='word_1_565' title='bbox 2578 2658 2732 2709; x_wconf 89' lang='lat' dir='ltr'>actus</span> <span class='ocrx_word' id='word_1_566' title='bbox 2757 2669 2879 2710; x_wconf 85' lang='lat' dir='ltr'>esse</span> <span class='ocrx_word' id='word_1_567' title='bbox 2900 2670 3127 2710; x_wconf 86' lang='lat' dir='ltr'>causam</span> <span class='ocrx_word' id='word_1_568' title='bbox 3152 2653 3374 2710; x_wconf 79' lang='lat' dir='ltr'>forma-</span> 
     </span>
    </p>
   </div>
   <div class='ocr_carea' id='block_1_12' title="bbox 2003 2732 3510 5145">
    <p class='ocr_par' dir='ltr' id='par_1_29' title="bbox 2003 2732 3510 5145">
     <span class='ocr_line' id='line_1_84' title="bbox 2008 2732 3374 2807; baseline 0.001 -19"><span class='ocrx_word' id='word_1_569' title='bbox 2008 2734 2124 2789; x_wconf 88' lang='lat' dir='ltr'>lem</span> <span class='ocrx_word' id='word_1_570' title='bbox 2151 2737 2358 2788; x_wconf 82' lang='lat' dir='ltr'>nostrae</span> <span class='ocrx_word' id='word_1_571' title='bbox 2374 2732 2797 2807; x_wconf 81' lang='lat' dir='ltr'>justificationis</span> <span class='ocrx_word' id='word_1_572' title='bbox 2828 2757 2843 2801; x_wconf 90' lang='lat'>;</span> <span class='ocrx_word' id='word_1_573' title='bbox 2893 2734 2991 2791; x_wconf 90' lang='lat' dir='ltr'>sed</span> <span class='ocrx_word' id='word_1_574' title='bbox 3011 2732 3374 2807; x_wconf 85' lang='lat' dir='ltr'>significatur</span> 
     </span>
     <span class='ocr_line' id='line_1_85' title="bbox 2008 2813 3372 2888; baseline 0.001 -20"><span class='ocrx_word' id='word_1_575' title='bbox 2008 2813 2141 2869; x_wconf 88' lang='lat' dir='ltr'>illos</span> <span class='ocrx_word' id='word_1_576' title='bbox 2186 2813 2279 2869; x_wconf 85' lang='lat' dir='ltr'>vel</span> <span class='ocrx_word' id='word_1_577' title='bbox 2320 2813 2634 2887; x_wconf 83' lang='lat' dir='ltr'>justificare</span> <span class='ocrx_word' id='word_1_578' title='bbox 2659 2813 3010 2888; x_wconf 82' lang='lat' dir='ltr'>dispositive,</span> <span class='ocrx_word' id='word_1_579' title='bbox 3050 2819 3186 2870; x_wconf 90' lang='lat' dir='ltr'>sunt</span> <span class='ocrx_word' id='word_1_580' title='bbox 3212 2814 3372 2871; x_wconf 86' lang='lat' dir='ltr'>enim</span> 
     </span>
     <span class='ocr_line' id='line_1_86' title="bbox 2008 2896 3378 2969; baseline -0.001 -17"><span class='ocrx_word' id='word_1_581' title='bbox 2008 2896 2243 2968; x_wconf 86' lang='lat' dir='ltr'>optima,</span> <span class='ocrx_word' id='word_1_582' title='bbox 2270 2902 2326 2952; x_wconf 90' lang='lat' dir='ltr'>et</span> <span class='ocrx_word' id='word_1_583' title='bbox 2347 2896 2553 2953; x_wconf 85' lang='lat' dir='ltr'>ultima</span> <span class='ocrx_word' id='word_1_584' title='bbox 2572 2896 2869 2969; x_wconf 88' lang='lat' dir='ltr'>dispositio</span> <span class='ocrx_word' id='word_1_585' title='bbox 2889 2896 2959 2953; x_wconf 89' lang='lat' dir='ltr'>ad</span> <span class='ocrx_word' id='word_1_586' title='bbox 2982 2897 3226 2953; x_wconf 88' lang='lat' dir='ltr'>salutem</span> <span class='ocrx_word' id='word_1_587' title='bbox 3244 2919 3258 2963; x_wconf 85' lang='lat'>;</span> <span class='ocrx_word' id='word_1_588' title='bbox 3286 2897 3378 2952; x_wconf 87' lang='lat' dir='ltr'>vel</span> 
     </span>
     <span class='ocr_line' id='line_1_87' title="bbox 2003 2975 3375 3048; baseline 0.001 -18"><span class='ocrx_word' id='word_1_589' title='bbox 2003 2975 2319 3048; x_wconf 85' lang='lat' dir='ltr'>justificare</span> <span class='ocrx_word' id='word_1_590' title='bbox 2342 2978 2677 3045; x_wconf 87' lang='lat' dir='ltr'>connexive,</span> <span class='ocrx_word' id='word_1_591' title='bbox 2704 2984 2760 3034; x_wconf 88' lang='lat' dir='ltr'>et</span> <span class='ocrx_word' id='word_1_592' title='bbox 2780 2978 3248 3042; x_wconf 87' lang='lat' dir='ltr'>concomitanter,</span> <span class='ocrx_word' id='word_1_593' title='bbox 3270 2976 3375 3032; x_wconf 90' lang='lat' dir='ltr'>ha-</span> 
     </span>
     <span class='ocr_line' id='line_1_88' title="bbox 2011 3055 3374 3132; baseline -0.001 -19"><span class='ocrx_word' id='word_1_594' title='bbox 2011 3055 2145 3113; x_wconf 87' lang='lat' dir='ltr'>bent</span> <span class='ocrx_word' id='word_1_595' title='bbox 2169 3057 2330 3112; x_wconf 90' lang='lat' dir='ltr'>enim</span> <span class='ocrx_word' id='word_1_596' title='bbox 2355 3057 2468 3112; x_wconf 89' lang='lat' dir='ltr'>sibi</span> <span class='ocrx_word' id='word_1_597' title='bbox 2514 3074 2741 3130; x_wconf 89' lang='lat' dir='ltr'>semper</span> <span class='ocrx_word' id='word_1_598' title='bbox 2769 3057 3095 3132; x_wconf 86' lang='lat' dir='ltr'>adjunctam</span> <span class='ocrx_word' id='word_1_599' title='bbox 3121 3059 3374 3132; x_wconf 88' lang='lat' dir='ltr'>gratiam</span> 
     </span>
     <span class='ocr_line' id='line_1_89' title="bbox 2005 3134 3375 3210; baseline 0.001 -20"><span class='ocrx_word' id='word_1_600' title='bbox 2005 3134 2431 3210; x_wconf 87' lang='lat' dir='ltr'>justificantem.</span> <span class='ocrx_word' id='word_1_601' title='bbox 2467 3137 2717 3210; x_wconf 86' lang='lat' dir='ltr'>Utraque</span> <span class='ocrx_word' id='word_1_602' title='bbox 2743 3144 2935 3194; x_wconf 90' lang='lat' dir='ltr'>autem</span> <span class='ocrx_word' id='word_1_603' title='bbox 2973 3137 3256 3209; x_wconf 86' lang='lat' dir='ltr'>expositio</span> <span class='ocrx_word' id='word_1_604' title='bbox 3283 3152 3375 3192; x_wconf 88' lang='lat' dir='ltr'>sa-</span> 
     </span>
     <span class='ocr_line' id='line_1_90' title="bbox 2012 3218 3375 3293; baseline -0.001 -19"><span class='ocrx_word' id='word_1_605' title='bbox 2012 3218 2084 3274; x_wconf 92' lang='lat' dir='ltr'>tis</span> <span class='ocrx_word' id='word_1_606' title='bbox 2129 3218 2293 3275; x_wconf 84' lang='lat' dir='ltr'>facile</span> <span class='ocrx_word' id='word_1_607' title='bbox 2317 3262 2331 3286; x_wconf 95' lang='lat'>,</span> <span class='ocrx_word' id='word_1_608' title='bbox 2384 3223 2439 3276; x_wconf 91' lang='lat' dir='ltr'>et</span> <span class='ocrx_word' id='word_1_609' title='bbox 2478 3220 2828 3277; x_wconf 64' lang='lat' dir='ltr'>cohaerenter</span> <span class='ocrx_word' id='word_1_610' title='bbox 2868 3225 3049 3293; x_wconf 89' lang='lat' dir='ltr'>potest</span> <span class='ocrx_word' id='word_1_611' title='bbox 3093 3219 3375 3292; x_wconf 87' lang='lat' dir='ltr'>applicari</span> 
     </span>
     <span class='ocr_line' id='line_1_91' title="bbox 2009 3298 3371 3374; baseline 0.004 -21"><span class='ocrx_word' id='word_1_612' title='bbox 2009 3298 2255 3372; x_wconf 89' lang='lat' dir='ltr'>singulis</span> <span class='ocrx_word' id='word_1_613' title='bbox 2283 3299 2630 3357; x_wconf 88' lang='lat' dir='ltr'>testimoniis</span> <span class='ocrx_word' id='word_1_614' title='bbox 2656 3314 2671 3368; x_wconf 69' lang='grc' dir='ltr'><strong><em>ς</em></strong></span> <span class='ocrx_word' id='word_1_615' title='bbox 2699 3300 2798 3358; x_wconf 87' lang='lat' dir='ltr'>sed</span> <span class='ocrx_word' id='word_1_616' title='bbox 2827 3304 2985 3374; x_wconf 87' lang='lat' dir='ltr'>prior</span> <span class='ocrx_word' id='word_1_617' title='bbox 3013 3299 3243 3356; x_wconf 83' lang='lat' dir='ltr'>facilior</span> <span class='ocrx_word' id='word_1_618' title='bbox 3270 3303 3371 3359; x_wconf 83' lang='lat' dir='ltr'>est.</span> 
     </span>
     <span class='ocr_line' id='line_1_92' title="bbox 2008 3381 3375 3455; baseline 0 -18"><span class='ocrx_word' id='word_1_619' title='bbox 2008 3386 2066 3437; x_wconf 87' lang='lat' dir='ltr'>et</span> <span class='ocrx_word' id='word_1_620' title='bbox 2092 3381 2274 3454; x_wconf 88' lang='lat' dir='ltr'>magis</span> <span class='ocrx_word' id='word_1_621' title='bbox 2301 3382 2532 3455; x_wconf 90' lang='lat' dir='ltr'>propria</span> <span class='ocrx_word' id='word_1_622' title='bbox 2560 3405 2575 3448; x_wconf 89' lang='lat'>;</span> <span class='ocrx_word' id='word_1_623' title='bbox 2628 3389 2685 3439; x_wconf 89' lang='lat' dir='ltr'>et</span> <span class='ocrx_word' id='word_1_624' title='bbox 2730 3399 2799 3440; x_wconf 91' lang='lat' dir='ltr'>ea</span> <span class='ocrx_word' id='word_1_625' title='bbox 2823 3382 3135 3455; x_wconf 89' lang='lat' dir='ltr'>supposita,</span> <span class='ocrx_word' id='word_1_626' title='bbox 3166 3397 3375 3453; x_wconf 88' lang='lat' dir='ltr'>super-</span> 
     </span>
     <span class='ocr_line' id='line_1_93' title="bbox 2011 3461 3265 3536; baseline 0 -19"><span class='ocrx_word' id='word_1_627' title='bbox 2011 3461 2191 3518; x_wconf 85' lang='lat' dir='ltr'>fluum</span> <span class='ocrx_word' id='word_1_628' title='bbox 2229 3467 2314 3519; x_wconf 88' lang='lat' dir='ltr'>est</span> <span class='ocrx_word' id='word_1_629' title='bbox 2340 3462 2569 3536; x_wconf 84' lang='lat' dir='ltr'>singula</span> <span class='ocrx_word' id='word_1_630' title='bbox 2595 3463 2921 3520; x_wconf 88' lang='lat' dir='ltr'>testimonia</span> <span class='ocrx_word' id='word_1_631' title='bbox 2949 3463 3265 3535; x_wconf 85' lang='lat' dir='ltr'>explicare.</span> 
     </span>
     <span class='ocr_line' id='line_1_94' title="bbox 2084 3538 3510 3617; baseline -0.001 -19"><span class='ocrx_word' id='word_1_632' title='bbox 2084 3544 2175 3598; x_wconf 89' lang='grc'>67.</span> <span class='ocrx_word' id='word_1_633' title='bbox 2208 3541 2314 3598; x_wconf 91' lang='lat' dir='ltr'>Sed</span> <span class='ocrx_word' id='word_1_634' title='bbox 2344 3558 2446 3615; x_wconf 91' lang='lat' dir='ltr'>pro</span> <span class='ocrx_word' id='word_1_635' title='bbox 2487 3543 2694 3617; x_wconf 86' lang='lat' dir='ltr'>majori</span> <span class='ocrx_word' id='word_1_636' title='bbox 2739 3558 2940 3600; x_wconf 89' lang='lat' dir='ltr'>eorum</span> <span class='ocrx_word' id='word_1_637' title='bbox 2987 3541 3375 3616; x_wconf 85' lang='lat' dir='ltr'>intelligentia</span> <span class='ocrx_word' id='word_1_638' title='bbox 3412 3538 3510 3582; x_wconf 61' lang='lat'>⁸⁰¹³·</span> 
     </span>
     <span class='ocr_line' id='line_1_95' title="bbox 2010 3621 3368 3696; baseline 0.001 -19"><span class='ocrx_word' id='word_1_639' title='bbox 2010 3621 2294 3690; x_wconf 79' lang='lat' dir='ltr'>addimuS,</span> <span class='ocrx_word' id='word_1_640' title='bbox 2309 3621 2568 3694; x_wconf 68' lang='lat' dir='ltr'>quaedam</span> <span class='ocrx_word' id='word_1_641' title='bbox 2585 3639 2655 3680; x_wconf 87' lang='lat' dir='ltr'>ex</span> <span class='ocrx_word' id='word_1_642' title='bbox 2678 3623 2800 3680; x_wconf 88' lang='lat' dir='ltr'>illis</span> <span class='ocrx_word' id='word_1_643' title='bbox 2821 3624 2973 3696; x_wconf 92' lang='lat' dir='ltr'>loqui</span> <span class='ocrx_word' id='word_1_644' title='bbox 2990 3622 3060 3679; x_wconf 89' lang='lat' dir='ltr'>de</span> <span class='ocrx_word' id='word_1_645' title='bbox 3073 3624 3368 3687; x_wconf 90' lang='lat' dir='ltr'>charitate,</span> 
     </span>
     <span class='ocr_line' id='line_1_96' title="bbox 2012 3703 3374 3779; baseline 0 -19"><span class='ocrx_word' id='word_1_646' title='bbox 2012 3706 2103 3761; x_wconf 88' lang='lat' dir='ltr'>vel</span> <span class='ocrx_word' id='word_1_647' title='bbox 2123 3704 2194 3761; x_wconf 88' lang='lat' dir='ltr'>de</span> <span class='ocrx_word' id='word_1_648' title='bbox 2219 3703 2523 3762; x_wconf 89' lang='lat' dir='ltr'>dilectione</span> <span class='ocrx_word' id='word_1_649' title='bbox 2558 3707 2765 3763; x_wconf 89' lang='lat' dir='ltr'>actuali</span> <span class='ocrx_word' id='word_1_650' title='bbox 2792 3712 2886 3774; x_wconf 88' lang='lat' dir='ltr'>;et</span> <span class='ocrx_word' id='word_1_651' title='bbox 2913 3707 3029 3763; x_wconf 84' lang='lat' dir='ltr'>haec</span> <span class='ocrx_word' id='word_1_652' title='bbox 3048 3707 3217 3779; x_wconf 82' lang='lat' dir='ltr'>juxta</span> <span class='ocrx_word' id='word_1_653' title='bbox 3237 3703 3374 3760; x_wconf 88' lang='lat' dir='ltr'>duas</span> 
     </span>
     <span class='ocr_line' id='line_1_97' title="bbox 2012 3784 3372 3859; baseline -0.001 -18"><span class='ocrx_word' id='word_1_654' title='bbox 2012 3801 2196 3858; x_wconf 85' lang='lat' dir='ltr'>nuper</span> <span class='ocrx_word' id='word_1_655' title='bbox 2249 3786 2451 3842; x_wconf 85' lang='lat' dir='ltr'>allatas</span> <span class='ocrx_word' id='word_1_656' title='bbox 2500 3787 2888 3859; x_wconf 89' lang='lat' dir='ltr'>expositiones</span> <span class='ocrx_word' id='word_1_657' title='bbox 2935 3784 3372 3859; x_wconf 85' lang='lat' dir='ltr'>interpretanda</span> 
     </span>
     <span class='ocr_line' id='line_1_98' title="bbox 2009 3864 3372 3930; baseline 0.001 -10"><span class='ocrx_word' id='word_1_658' title='bbox 2009 3871 2165 3921; x_wconf 90' lang='lat' dir='ltr'>sunt.</span> <span class='ocrx_word' id='word_1_659' title='bbox 2188 3864 2458 3930; x_wconf 63' lang='lat' dir='ltr'>Quasdam</span> <span class='ocrx_word' id='word_1_660' title='bbox 2494 3882 2631 3923; x_wconf 88' lang='lat' dir='ltr'>vero</span> <span class='ocrx_word' id='word_1_661' title='bbox 2657 3869 2846 3923; x_wconf 89' lang='lat' dir='ltr'>solum</span> <span class='ocrx_word' id='word_1_662' title='bbox 2875 3866 3091 3927; x_wconf 88' lang='lat' dir='ltr'>dicunt.</span> <span class='ocrx_word' id='word_1_663' title='bbox 3117 3867 3372 3923; x_wconf 90' lang='lat' dir='ltr'>charita-</span> 
     </span>
     <span class='ocr_line' id='line_1_99' title="bbox 2010 3944 3375 4022; baseline 0.002 -22"><span class='ocrx_word' id='word_1_664' title='bbox 2010 3951 2126 4002; x_wconf 89' lang='lat' dir='ltr'>tem</span> <span class='ocrx_word' id='word_1_665' title='bbox 2144 3944 2476 4020; x_wconf 85' lang='lat' dir='ltr'>justificare,</span> <span class='ocrx_word' id='word_1_666' title='bbox 2497 3963 2620 4003; x_wconf 89' lang='lat' dir='ltr'>esse</span> <span class='ocrx_word' id='word_1_667' title='bbox 2642 3952 2897 4004; x_wconf 85' lang='lat' dir='ltr'>nostram</span> <span class='ocrx_word' id='word_1_668' title='bbox 2921 3948 3230 4022; x_wconf 84' lang='lat' dir='ltr'>justitiam,</span> <span class='ocrx_word' id='word_1_669' title='bbox 3252 3961 3375 4019; x_wconf 83' lang='lat' dir='ltr'>ope·</span> 
     </span>
     <span class='ocr_line' id='line_1_100' title="bbox 2011 4026 3374 4101; baseline -0.001 -19"><span class='ocrx_word' id='word_1_670' title='bbox 2011 4026 2131 4083; x_wconf 90' lang='lat' dir='ltr'>rire</span> <span class='ocrx_word' id='word_1_671' title='bbox 2160 4033 2379 4099; x_wconf 84' lang='lat' dir='ltr'>peccata</span> <span class='ocrx_word' id='word_1_672' title='bbox 2407 4048 2420 4083; x_wconf 71' lang='grc' dir='ltr'>ε</span> <span class='ocrx_word' id='word_1_673' title='bbox 2449 4033 2505 4084; x_wconf 89' lang='lat' dir='ltr'>et</span> <span class='ocrx_word' id='word_1_674' title='bbox 2544 4028 2661 4084; x_wconf 79' lang='lat' dir='ltr'>haec</span> <span class='ocrx_word' id='word_1_675' title='bbox 2689 4029 2895 4101; x_wconf 75' lang='lat' dir='ltr'>aptiuS,</span> <span class='ocrx_word' id='word_1_676' title='bbox 2934 4034 2991 4085; x_wconf 91' lang='lat' dir='ltr'>et</span> <span class='ocrx_word' id='word_1_677' title='bbox 3018 4026 3232 4100; x_wconf 89' lang='lat' dir='ltr'>absque</span> <span class='ocrx_word' id='word_1_678' title='bbox 3258 4026 3374 4082; x_wconf 91' lang='lat' dir='ltr'>ullo</span> 
     </span>
     <span class='ocr_line' id='line_1_101' title="bbox 2011 4108 3373 4184; baseline -0.001 -20"><span class='ocrx_word' id='word_1_679' title='bbox 2011 4108 2374 4167; x_wconf 90' lang='lat' dir='ltr'>incommodo</span> <span class='ocrx_word' id='word_1_680' title='bbox 2416 4109 2793 4184; x_wconf 87' lang='lat' dir='ltr'>intelligenda</span> <span class='ocrx_word' id='word_1_681' title='bbox 2818 4117 2953 4167; x_wconf 88' lang='lat' dir='ltr'>sunt</span> <span class='ocrx_word' id='word_1_682' title='bbox 2991 4109 3061 4167; x_wconf 89' lang='lat' dir='ltr'>de</span> <span class='ocrx_word' id='word_1_683' title='bbox 3097 4109 3373 4166; x_wconf 85' lang='lat' dir='ltr'>charitate</span> 
     </span>
     <span class='ocr_line' id='line_1_102' title="bbox 2010 4190 3372 4264; baseline -0.001 -18"><span class='ocrx_word' id='word_1_684' title='bbox 2010 4190 2311 4257; x_wconf 90' lang='lat' dir='ltr'>habituali,</span> <span class='ocrx_word' id='word_1_685' title='bbox 2337 4207 2464 4264; x_wconf 81' lang='lat' dir='ltr'>quae</span> <span class='ocrx_word' id='word_1_686' title='bbox 2513 4193 2721 4264; x_wconf 81' lang='lat' dir='ltr'>saepius</span> <span class='ocrx_word' id='word_1_687' title='bbox 2764 4193 3063 4250; x_wconf 89' lang='lat' dir='ltr'>charitatis</span> <span class='ocrx_word' id='word_1_688' title='bbox 3100 4190 3372 4249; x_wconf 82' lang='lat' dir='ltr'>vocabulo</span> 
     </span>
     <span class='ocr_line' id='line_1_103' title="bbox 2010 4272 3370 4347; baseline 0 -19"><span class='ocrx_word' id='word_1_689' title='bbox 2010 4272 2344 4347; x_wconf 85' lang='lat' dir='ltr'>insignitur.</span> <span class='ocrx_word' id='word_1_690' title='bbox 2372 4275 2554 4332; x_wconf 90' lang='lat' dir='ltr'>Porro</span> <span class='ocrx_word' id='word_1_691' title='bbox 2573 4274 2871 4332; x_wconf 87' lang='lat' dir='ltr'>charitatis</span> <span class='ocrx_word' id='word_1_692' title='bbox 2899 4291 3112 4333; x_wconf 90' lang='lat' dir='ltr'>nomen</span> <span class='ocrx_word' id='word_1_693' title='bbox 3141 4290 3212 4331; x_wconf 88' lang='lat' dir='ltr'>ex</span> <span class='ocrx_word' id='word_1_694' title='bbox 3253 4273 3370 4345; x_wconf 90' lang='lat' dir='ltr'>pri—</span> 
     </span>
     <span class='ocr_line' id='line_1_104' title="bbox 2010 4354 3369 4429; baseline -0.001 -20"><span class='ocrx_word' id='word_1_695' title='bbox 2010 4369 2193 4409; x_wconf 81' lang='lat' dir='ltr'>maeva</span> <span class='ocrx_word' id='word_1_696' title='bbox 2213 4354 2589 4428; x_wconf 89' lang='lat' dir='ltr'>impositione</span> <span class='ocrx_word' id='word_1_697' title='bbox 2613 4356 2863 4429; x_wconf 87' lang='lat' dir='ltr'>gratiam</span> <span class='ocrx_word' id='word_1_698' title='bbox 2888 4356 3160 4428; x_wconf 88' lang='lat' dir='ltr'>importat</span> <span class='ocrx_word' id='word_1_699' title='bbox 3180 4380 3194 4425; x_wconf 86' lang='lat'>;</span> <span class='ocrx_word' id='word_1_700' title='bbox 3217 4354 3369 4412; x_wconf 87' lang='lat' dir='ltr'>deri-</span> 
     </span>
     <span class='ocr_line' id='line_1_105' title="bbox 2009 4438 3367 4519; baseline -0.001 -21"><span class='ocrx_word' id='word_1_701' title='bbox 2009 4448 2179 4499; x_wconf 84' lang='lat' dir='ltr'>vatur</span> <span class='ocrx_word' id='word_1_702' title='bbox 2192 4443 2350 4498; x_wconf 86' lang='lat' dir='ltr'>enim</span> <span class='ocrx_word' id='word_1_703' title='bbox 2366 4459 2398 4499; x_wconf 98' lang='lat' dir='ltr'>a</span> <span class='ocrx_word' id='word_1_704' title='bbox 2413 4445 2603 4500; x_wconf 84' lang='lat' dir='ltr'>Graeco</span> <span class='ocrx_word' id='word_1_705' title='bbox 2621 4438 2975 4517; x_wconf 41' lang='lat' dir='ltr'>&gt;quietaquod</span> <span class='ocrx_word' id='word_1_706' title='bbox 2988 4445 3254 4519; x_wconf 88' lang='lat' dir='ltr'>gratiam,</span> <span class='ocrx_word' id='word_1_707' title='bbox 3274 4458 3367 4500; x_wconf 87' lang='lat' dir='ltr'>seu</span> 
     </span>
     <span class='ocr_line' id='line_1_106' title="bbox 2011 4522 3366 4598; baseline 0.001 -21"><span class='ocrx_word' id='word_1_708' title='bbox 2011 4522 2499 4596; x_wconf 89' lang='lat' dir='ltr'>pulchritudinem</span> <span class='ocrx_word' id='word_1_709' title='bbox 2532 4522 2816 4598; x_wconf 76' lang='lat' dir='ltr'>significat</span> <span class='ocrx_word' id='word_1_710' title='bbox 2844 4530 2903 4579; x_wconf 91' lang='lat' dir='ltr'>ut</span> <span class='ocrx_word' id='word_1_711' title='bbox 2941 4523 3366 4582; x_wconf 79' lang='lat' dir='ltr'>observavimus</span> 
     </span>
     <span class='ocr_line' id='line_1_107' title="bbox 2010 4604 3361 4678; baseline -0.001 -20"><span class='ocrx_word' id='word_1_712' title='bbox 2010 4610 2171 4659; x_wconf 83' lang='lat' dir='ltr'>tract.</span> <span class='ocrx_word' id='word_1_713' title='bbox 2217 4605 2441 4675; x_wconf 58' lang='lat' dir='ltr'>praeced.</span> <span class='ocrx_word' id='word_1_714' title='bbox 2484 4604 2626 4676; x_wconf 73' lang='lat' dir='ltr'>disp.</span> <span class='ocrx_word' id='word_1_715' title='bbox 2652 4605 2707 4668; x_wconf 87' lang='lat'>4.</span> <span class='ocrx_word' id='word_1_716' title='bbox 2737 4605 2865 4661; x_wconf 79' lang='lat' dir='ltr'>dub.</span> <span class='ocrx_word' id='word_1_717' title='bbox 2896 4607 2951 4670; x_wconf 90' lang='lat'>5,</span> <span class='ocrx_word' id='word_1_718' title='bbox 2979 4607 3039 4659; x_wconf 83' lang='lat' dir='ltr'>in</span> <span class='ocrx_word' id='word_1_719' title='bbox 3074 4605 3361 4678; x_wconf 77' lang='lat' dir='ltr'>principie.</span> 
     </span>
     <span class='ocr_line' id='line_1_108' title="bbox 2010 4682 3364 4758; baseline 0.001 -21"><span class='ocrx_word' id='word_1_720' title='bbox 2010 4682 2208 4739; x_wconf 85' lang='lat' dir='ltr'>Gratia</span> <span class='ocrx_word' id='word_1_721' title='bbox 2236 4688 2426 4741; x_wconf 84' lang='lat' dir='ltr'>autem</span> <span class='ocrx_word' id='word_1_722' title='bbox 2454 4683 2729 4750; x_wconf 89' lang='lat' dir='ltr'>absolute,</span> <span class='ocrx_word' id='word_1_723' title='bbox 2760 4690 2816 4741; x_wconf 91' lang='lat' dir='ltr'>et</span> <span class='ocrx_word' id='word_1_724' title='bbox 2858 4684 3199 4758; x_wconf 88' lang='lat' dir='ltr'>simpliciter</span> <span class='ocrx_word' id='word_1_725' title='bbox 3225 4684 3364 4740; x_wconf 85' lang='lat' dir='ltr'>dicta</span> 
     </span>
     <span class='ocr_line' id='line_1_109' title="bbox 2008 4760 3364 4839; baseline -0.001 -22"><span class='ocrx_word' id='word_1_726' title='bbox 2008 4767 2118 4818; x_wconf 89' lang='lat' dir='ltr'>stat</span> <span class='ocrx_word' id='word_1_727' title='bbox 2163 4779 2266 4835; x_wconf 87' lang='lat' dir='ltr'>pro</span> <span class='ocrx_word' id='word_1_728' title='bbox 2301 4764 2489 4838; x_wconf 85' lang='lat' dir='ltr'>gratia</span> <span class='ocrx_word' id='word_1_729' title='bbox 2528 4760 2829 4831; x_wconf 79' lang='lat' dir='ltr'>habituali,</span> <span class='ocrx_word' id='word_1_730' title='bbox 2873 4781 2997 4839; x_wconf 82' lang='lat' dir='ltr'>quae</span> <span class='ocrx_word' id='word_1_731' title='bbox 3025 4765 3089 4821; x_wconf 90' lang='lat' dir='ltr'>in</span> <span class='ocrx_word' id='word_1_732' title='bbox 3127 4762 3364 4822; x_wconf 87' lang='lat' dir='ltr'>essentia</span> 
     </span>
     <span class='ocr_line' id='line_1_110' title="bbox 2010 4844 3364 4919; baseline 0.001 -21"><span class='ocrx_word' id='word_1_733' title='bbox 2010 4844 2223 4900; x_wconf 82' lang='lat' dir='ltr'>animae</span> <span class='ocrx_word' id='word_1_734' title='bbox 2251 4844 2544 4918; x_wconf 82' lang='lat' dir='ltr'>recipitur,</span> <span class='ocrx_word' id='word_1_735' title='bbox 2572 4850 2628 4901; x_wconf 88' lang='lat' dir='ltr'>et</span> <span class='ocrx_word' id='word_1_736' title='bbox 2643 4850 2727 4902; x_wconf 86' lang='lat' dir='ltr'>est</span> <span class='ocrx_word' id='word_1_737' title='bbox 2749 4845 3100 4919; x_wconf 90' lang='lat' dir='ltr'>principium</span> <span class='ocrx_word' id='word_1_738' title='bbox 3130 4844 3364 4902; x_wconf 87' lang='lat' dir='ltr'>radicale</span> 
     </span>
     <span class='ocr_line' id='line_1_111' title="bbox 2009 4925 3361 5000; baseline 0 -19"><span class='ocrx_word' id='word_1_739' title='bbox 2009 4925 2276 4981; x_wconf 90' lang='lat' dir='ltr'>omnium</span> <span class='ocrx_word' id='word_1_740' title='bbox 2298 4926 2602 4992; x_wconf 85' lang='lat' dir='ltr'>virtutum,</span> <span class='ocrx_word' id='word_1_741' title='bbox 2640 4942 2763 5000; x_wconf 86' lang='lat' dir='ltr'>quae</span> <span class='ocrx_word' id='word_1_742' title='bbox 2787 4926 3145 5000; x_wconf 88' lang='lat' dir='ltr'>recipiuntur</span> <span class='ocrx_word' id='word_1_743' title='bbox 3182 4925 3243 4981; x_wconf 92' lang='lat' dir='ltr'>in</span> <span class='ocrx_word' id='word_1_744' title='bbox 3266 4939 3361 4998; x_wconf 89' lang='lat' dir='ltr'>po·</span> 
     </span>
     <span class='ocr_line' id='line_1_112' title="bbox 2011 5003 3359 5064; baseline 0 -6"><span class='ocrx_word' id='word_1_745' title='bbox 2011 5003 2226 5061; x_wconf 86' lang='lat' dir='ltr'>tentiis.</span> <span class='ocrx_word' id='word_1_746' title='bbox 2275 5003 2438 5063; x_wconf 90' lang='lat' dir='ltr'>Unde</span> <span class='ocrx_word' id='word_1_747' title='bbox 2483 5005 2778 5064; x_wconf 86' lang='lat' dir='ltr'>charitatis</span> <span class='ocrx_word' id='word_1_748' title='bbox 2836 5004 3173 5064; x_wconf 82' lang='lat' dir='ltr'>vocabulum</span> <span class='ocrx_word' id='word_1_749' title='bbox 3225 5004 3359 5061; x_wconf 87' lang='lat' dir='ltr'>olim</span> 
     </span>
     <span class='ocr_line' id='line_1_113' title="bbox 3068 5097 3361 5145; baseline -0.01 -3"><span class='ocrx_word' id='word_1_750' title='bbox 3068 5097 3361 5145; x_wconf 86' lang='lat' dir='ltr'>commune</span> 
     </span>
    </p>
   </div>
   <div class='ocr_carea' id='block_1_13' title="bbox 3624 4110 3629 5222">
    <p class='ocr_par' dir='ltr' id='par_1_30' title="bbox 3624 4110 3629 5222">
     <span class='ocr_line' id='line_1_114' title="bbox 3624 4110 3629 5222; baseline 0 0"><span class='ocrx_word' id='word_1_751' title='bbox 3624 4110 3629 5222; x_wconf 95' lang='lat' dir='ltr'> </span> 
     </span>
    </p>
   </div>
  </div>
 </body>
</html>
