3647 5753
82 1993 180 2037 iou.

87 3396 170 3434 110-

1422 420 1601 476 DISP.
1644 420 1740 487 vl,
1784 419 1949 477 DUB.
1994 420 2100 476 V..

208 600 474 674 physica,
497 604 556 656 et
582 599 862 655 naturalis
903 597 1131 660 animat»,
1157 599 1212 652 et
1238 594 1493 668 corporis
1521 594 1585 650 in

209 680 412 737 triduo
458 680 662 736 mortis
710 679 922 734 Christi
976 676 1149 733 fuerit
1189 674 1486 741 dissoluta,
1531 679 1586 730 et

210 770 343 836 post
375 763 629 820 triduum
660 767 944 834 reparata;
975 757 1229 816 Verbum
1257 762 1454 814 tamen
1484 758 1586 813 Di-

208 845 424 900 vinum
445 859 672 917 semper
696 842 937 899 retinuit
970 844 1244 897 unionem
1273 838 1586 911 hypostati-

204 941 343 981 cam
372 924 441 981 ad
464 933 651 998 partes
673 922 1068 987 humanitatis,
1101 926 1155 978 et
1174 926 1584 992 consequenter

208 1021 336 1062 non
377 1006 577 1063 habuit
616 1007 888 1062 meritum
924 1005 1074 1060 circa
1111 1002 1233 1075 ejus
1264 1000 1583 1072 reparatio-

208 1102 370 1143 nem.
406 1087 763 1159 Principium
788 1093 975 1142 autem
1001 1084 1193 1141 meriti
1218 1080 1434 1137 infiniti
1465 1097 1582 1137 non

201 1175 337 1226 erat
367 1170 468 1225 illa
498 1170 653 1241 prior
682 1168 932 1241 partium
963 1167 1119 1232 unio,
1144 1163 1242 1221 sed
1264 1163 1382 1219 haec
1405 1168 1583 1235 poste·

208 1251 357 1307 rior.
391 1251 555 1308 Unde
593 1267 664 1307 ex
707 1266 793 1314 eo,
824 1249 971 1323 quod
1012 1249 1273 1305 Christus
1299 1246 1582 1303 meruerit

205 1333 284 1391 de
309 1333 592 1408 condigno
635 1334 1057 1406 reparationem
1088 1330 1300 1405 prioris
1345 1329 1581 1387 unionis

208 1418 368 1473 inter
421 1425 608 1491 partes
659 1416 1062 1481 humanitatiS,
1120 1430 1237 1471 non
1288 1412 1574 1485 sequitur,

200 1499 360 1572 quod
383 1500 664 1557 meruerit
689 1498 758 1555 de
779 1498 1061 1572 condigno
1087 1495 1578 1553 continuationem

206 1582 464 1650 unioniS,
496 1599 620 1654 quae
645 1586 768 1637 erat
814 1580 922 1652 ipsi
970 1578 1322 1652 principium
1352 1576 1421 1633 ad
1453 1593 1580 1633 me-

209 1663 457 1719 rendum
488 1662 735 1718 infinite.
772 1661 1097 1717 Praesertim
1126 1660 1261 1733 quia
1288 1657 1358 1714 ad
1396 1659 1579 1714 meri-

207 1752 333 1802 tum
363 1746 683 1809 infinitum,
717 1746 808 1800 vel
829 1743 1200 1806 eliciendum,
1233 1743 1322 1798 vel
1345 1757 1579 1798 conser-

206 1827 486 1891 vandum,
512 1825 823 1881 sufficiebat
865 1826 1002 1881 unio
1048 1823 1220 1881 Verbi
1267 1822 1465 1878 Divini
1507 1821 1577 1879 ad

207 1909 470 1965 animam
500 1908 732 1962 Christi.

296 1991 417 2045 104.
471 1987 578 2044 Sed
639 1987 940 2060 replicabis
991 2008 1004 2041 ε

213 2073 565 2128 retribuatur
596 2088 695 2144 per
724 2069 957 2127 modum
990 2068 1212 2141 praemii
1236 2082 1576 2138 correspon-

205 2154 396 2211 dentis
418 2153 641 2209 meritis
670 2153 900 2215 Christi,
929 2166 1045 2206 non
1072 2148 1406 2222 requiritur,
1426 2146 1575 2219 quod

206 2239 544 2307 permaneat
566 2234 703 2289 unio
726 2232 1096 2306 hypostatica,
1124 2230 1216 2286 vel
1245 2229 1366 2302 ipse
1387 2228 1576 2284 Chris-

203 2322 316 2381 tus,
348 2321 446 2372 aut
484 2317 605 2389 ejus
652 2315 849 2370 anima
876 2312 1065 2369 Verbo
1093 2312 1256 2367 unita
1288 2331 1301 2366 ε
1330 2325 1465 2383 ergo
1504 2326 1575 2366 ex

203 2396 309 2452 hoc
335 2397 515 2469 capite
544 2412 659 2452 non
701 2400 996 2468 repugnat,
1029 2392 1177 2465 quod
1217 2390 1574 2449 continuatio

204 2476 490 2548 praedictae
521 2476 750 2532 unionis
780 2474 940 2531 cadat
965 2473 1071 2529 sub
1100 2473 1307 2530 merito
1334 2470 1568 2528 Christi.

201 2557 485 2614 Suadetur
526 2556 880 2622 antecedens,
931 2556 1066 2629 quia
1112 2571 1242 2611 cum
1295 2553 1572 2609 meritum

203 2641 418 2698 Christi
441 2641 515 2696 sit
538 2639 852 2707 infinitum,
888 2643 1068 2712 potest
1091 2637 1323 2695 extendi
1353 2635 1423 2692 ad
1446 2653 1572 2693 me-

206 2723 452 2780 rendum
474 2739 646 2780 omne
669 2724 973 2794 praemium
990 2718 1383 2793 excogitabile,
1406 2725 1572 2792 atque

203 2804 332 2861 ideo
351 2804 556 2860 sufficit
580 2803 723 2859 illud
747 2803 1021 2859 meritum
1039 2799 1349 2874 aliquando
1372 2800 1564 2865 fuisse,

203 2895 266 2942 ut
312 2890 458 2944 Deus
503 2904 570 2944 eo
612 2892 799 2942 motus
840 2885 1163 2958 praemium,
1195 2882 1422 2939 etiamsi
1453 2897 1569 2938 non

206 2973 527 3041 perseveret
577 2968 854 3033 Christus,
903 2966 1204 3024 retribuat.
1240 2965 1568 3020 Praesertim

204 3049 254 3104 si
283 3049 539 3104 Christus
579 3050 698 3105 loco
730 3049 819 3103 sui
860 3048 1196 3121 subrogaret
1225 3061 1433 3117 purum
1462 3045 1569 3100 ho-

208 3129 445 3193 minem,
471 3130 566 3202 qui
600 3131 872 3187 retineret
893 3131 986 3202 jus
1012 3133 1205 3185 ortum
1233 3141 1305 3180 ex
1343 3125 1570 3180 meritis

207 3212 386 3283 ipsius
427 3213 668 3276 Christi;
716 3212 778 3266 in
823 3226 935 3282 quo
980 3209 1146 3265 nulla
1191 3210 1427 3277 apparet
1453 3205 1570 3260 im-

210 3295 454 3368 plicatio.

282 3366 677 3440 Itespondetur
724 3362 984 3438 negando
1030 3359 1384 3428 antecedens,
1435 3359 1570 3432 quia

210 3447 510 3505 retributio
558 3445 780 3518 praemii
827 3448 912 3500 est
957 3450 1112 3500 actus
1146 3443 1401 3516 justitiae,
1447 3456 1570 3514 quae

205 3527 367 3585 debet
405 3543 526 3585 esse
566 3526 635 3583 ad
678 3526 896 3591 alium;
928 3531 984 3581 et
1024 3524 1329 3598 praemium
1360 3524 1421 3579 in
1448 3539 1570 3579 esse

205 3612 333 3666 talis
349 3610 665 3666 necessario
683 3609 1071 3682 praesupponit
1090 3623 1206 3664 non
1220 3607 1408 3664 solum
1429 3604 1569 3662 sub-

197 3696 405 3768 jectum
421 3693 509 3747 sui
525 3693 931 3765 susceptivum.
946 3691 1041 3748 sed
1058 3691 1233 3747 etiam
1250 3689 1567 3764 subjectum

206 3773 646 3838 remunerabile,
700 3789 907 3845 nempe
949 3773 1100 3828 illud.
1133 3771 1283 3845 quod
1331 3771 1563 3828 meruit.

207 3856 368 3913 Unde
411 3857 462 3911 si
503 3873 605 3913 nec
654 3856 932 3922 Christus,
984 3870 1168 3928 neque
1214 3856 1336 3930 ejus
1372 3856 1570 3911 anima

206 3941 389 3998 Verbo
435 3942 598 3998 unita
641 3945 985 4005 remaneret,
1021 3940 1172 3996 nibil
1212 3945 1396 4012 posset
1430 3955 1571 3996 con-

206 4024 345 4080 i’erri
404 4040 503 4096 per
560 4023 796 4080 modum
846 4021 1070 4095 praemii
1118 4020 1295 4078 debiti
1343 4021 1570 4079 meritis

207 4105 436 4162 Christi.
465 4104 547 4160 Ad
577 4104 973 4178 probationem
1016 4111 1205 4160 autem
1234 4103 1298 4160 in
1340 4109 1570 4161 contra-

210 4187 362 4243 rium
408 4185 670 4253 dicimus,
717 4184 866 4258 quod
905 4186 1050 4242 sicut
1093 4186 1257 4242 valor
1304 4183 1571 4242 infinitus

207 4284 442 4341 operum
474 4269 688 4324 Christi
714 4267 985 4340 supponit
1006 4267 1068 4322 in
1096 4267 1180 4324 eis
1207 4267 1351 4324 alias
1373 4269 1571 4325 meriti

206 4348 560 4407 conditiones
584 4392 597 4416 ,
651 4350 729 4405 ita
786 4346 954 4403 debet
1016 4346 1331 4419 importare
1381 4347 1530 4405 hanc
1553 4392 1566 4415 ,

210 4447 415 4503 nempe
468 4431 836 4488 existentiam
891 4429 1199 4494 merentis,
1244 4428 1342 4500 qui
1398 4430 1574 4501 possit

212 4514 448 4586 praemio
495 4512 878 4578 remunerari,
913 4512 1126 4584 alioqui
1168 4511 1397 4568 collatio
1435 4510 1572 4569 doni

213 4608 327 4649 non
368 4594 480 4650 erit
507 4594 833 4665 praemium,
865 4598 920 4651 et
948 4593 1269 4659 retributio,
1302 4590 1401 4648 sed
1426 4593 1574 4648 sim-

214 4675 343 4747 plex
382 4674 724 4732 beneficium
771 4680 962 4732 ortum
990 4691 1061 4730 ex
1100 4674 1216 4730 alia
1255 4675 1569 4732 voluntate.

215 4755 375 4811 Unde
398 4771 516 4813 non
541 4756 764 4824 sufficit,
794 4755 941 4828 quod
974 4759 1119 4812 Deus
1146 4754 1357 4812 viderit
1385 4757 1577 4814 Chris-

210 4842 353 4902 tum,
385 4842 443 4893 et
467 4838 589 4911 ejus
615 4838 824 4894 merita
866 4835 1176 4910 aliquando
1218 4837 1433 4902 fuisse;
1477 4837 1575 4895 sed

206 4932 351 4988 opus
388 4923 495 4986 est„
532 4917 680 4990 quod
733 4916 923 4974 videat
976 4917 1289 4982 Christum,
1345 4917 1577 4991 ejusque

212 4998 420 5054 merita
447 5014 804 5072 permanere,
830 5006 891 5055 ut
913 4997 1257 5065 verificetur,
1289 5001 1438 5073 quod
1467 5003 1577 5057 tri-

215 5079 337 5137 buit
377 5079 613 5148 bonum,
647 5087 706 5137 ut
742 5083 1045 5154 praemium
1094 5082 1305 5138 Christi
1351 5083 1574 5140 meritis

1062 2000 1197 2041 nam
1249 1989 1312 2039 ut
1357 1981 1575 2054 aliquid

2976 414 3081 469 861

1717 602 2000 660 debitum.
2057 596 2126 658 Et
2176 601 2442 674 quamvis
2502 599 2764 656 Christus
2817 598 3089 672 potuisset

1717 684 2029 759 subrogare
2057 682 2237 739 alium
2268 683 2584 746 hominem,
2618 680 2708 737 cui
2737 681 2944 736 merita
2970 696 3002 735 a
3027 694 3090 735 se

1719 768 2035 841 promerita
2055 767 2482 825 conferrentur:
2506 764 2725 821 efficere
2747 770 2940 820 tamen
2967 777 3085 818 non

1719 856 1922 922 posset,
1949 848 2099 922 quod
2126 848 2425 921 praedictus
2468 848 2641 903 homo
2680 850 2823 901 esset
2862 843 3089 917 subjec-

1716 937 1840 988 tum
1895 929 2249 1006 praemiabile
2276 948 2287 994 ;
2336 946 2473 986 nam
2528 928 2642 983 haec
2698 928 2843 983 ratio
2894 927 3086 983 solum

1714 1015 1986 1070 convenit
2014 1012 2277 1078 merenti,
2310 1011 2439 1067 licet
2472 1027 2561 1066 res
2600 1024 2771 1081 quam
2802 1013 3081 1073 meretur,

1715 1101 1884 1167 queat
1907 1096 2037 1151 aliis
2067 1093 2244 1149 tribui
2271 1115 2283 1149 ι
2308 1091 2570 1164 quocirca
2594 1090 2705 1145 nisi
2737 1088 2857 1160 ipse
2886 1087 3086 1143 Chris-

1716 1180 1805 1229 tus
1845 1175 1941 1248 qui
1991 1173 2224 1238 meruit,
2272 1175 2614 1234 remaneret,
2665 1168 2894 1225 collatio
2943 1166 3081 1224 boni

1714 1256 1790 1323 in⁴
1832 1271 2185 1329 quocumque
2239 1254 2587 1326 reciperetur
2610 1296 2623 1320 ,
2677 1267 2795 1307 non
2848 1247 3086 1306 haberet

1716 1339 1999 1395 rationem
2056 1336 2280 1409 praemii
2334 1333 2560 1392 meritis
2619 1331 2885 1389 retributi
2913 1373 2925 1397 ,
2980 1329 3082 1387 sed

1713 1415 1860 1479 esset
1898 1421 2238 1479 beneficium
2287 1435 2358 1478 ex
2400 1419 2513 1476 alia
2541 1418 2834 1474 voluntate
2882 1430 3080 1488 proce-

1712 1504 1876 1562 dens.

1788 1587 2031 1644 Instabis
2071 1586 2256 1643 adhuc
2276 1608 2288 1647 ς
2311 1602 2446 1642 nam
2479 1589 2540 1639 ut
2567 1581 2784 1655 aliquid
2810 1580 2885 1636 sit
2910 1580 3079 1637 effec-

1713 1674 1802 1724 tus
1829 1670 2171 1727 meritorum
2195 1668 2424 1732 Christi,
2448 1682 2563 1723 non
2588 1663 2904 1737 requiritur
2926 1660 3078 1734 quod

1712 1750 1972 1806 Christus
1997 1750 2219 1816 existat,
2247 1754 2344 1804 aut
2367 1749 2488 1821 ejus
2511 1746 2708 1802 anima
2731 1743 2919 1799 Verbo
2941 1743 3078 1799 uni-

1710 1836 1769 1887 ta
1799 1854 1811 1887 ι
1836 1847 1973 1905 ergo
1995 1831 2136 1886 falsa
2161 1836 2245 1886 est
2265 1828 2525 1885 doctrina
2556 1825 2819 1899 proxime
2838 1824 3071 1890 tradita,

1711 1913 2038 1984 corruitque
2090 1910 2530 1966 fundamentum
2555 1952 2568 1976 ,
2630 1907 2722 1962 cui
2774 1904 3072 1961 innititur.

1711 1992 1999 2049 Probatur
2028 1990 2383 2054 antecedenS,
2416 1989 2553 2062 quia
2577 1986 2763 2061 gratia
2789 1984 2922 2040 data
2962 1986 3079 2040 Pa·-

1709 2072 1896 2129 tribus
1930 2072 2142 2129 veteris
2169 2069 2518 2128 Testamenti
2561 2068 2669 2123 fuit
2694 2065 2923 2121 effectus
2950 2082 3078 2122 me-

1711 2154 1957 2211 ritorum
1999 2153 2244 2215 Christi3
2292 2149 2575 2224 siquidem
2616 2163 2817 2203 eorum
2861 2146 3074 2202 intuitu

1709 2241 1857 2293 Deus
1887 2238 2083 2292 Patres
2099 2232 2460 2308 justificabat,
2496 2239 2555 2287 ut
2581 2230 2784 2289 docent
2810 2245 3076 2287 commu-

1709 2321 1864 2376 niter
1890 2317 2180 2392 Theologi,
2212 2321 2271 2371 et
2311 2315 2592 2388 praecipue
2636 2312 2947 2368 Thomistae
2976 2332 2989 2365 ε
3017 2316 3073 2367 et

1707 2407 1904 2457 tamen
1948 2414 2015 2455 eo
2068 2403 2324 2469 tempore
2376 2394 2559 2451 adhuc
2611 2409 2728 2449 non
2791 2390 3073 2449 existebat

1708 2483 2006 2545 Christus,
2059 2494 2242 2551 neque
2289 2478 2411 2551 ejus
2457 2477 2656 2534 anima
2706 2479 2831 2530 erat
2883 2471 3073 2530 Verbo

1707 2563 1891 2630 unita,
1918 2567 1979 2618 ut
1999 2577 2071 2617 ex
2097 2576 2157 2616 se
2184 2560 2360 2632 liquet
2387 2580 2400 2611 t
2423 2574 2578 2632 erg0,
2605 2562 2707 2614 etc.

1781 2640 2178 2716 Respondetur
2200 2638 2461 2713 negando
2489 2636 2845 2702 antecedenS,
2877 2632 2946 2690 ad
2969 2650 3073 2690 cu-

1699 2725 1793 2797 jus
1816 2723 2211 2797 probationem
2242 2718 2647 2793 distinguenda
2674 2723 2757 2774 est
2786 2716 2989 2789 major,
3016 2721 3074 2773 et

1703 2803 2081 2869 concedenda,
2108 2803 2158 2857 si
2187 2802 2544 2875 intelligatur
2572 2800 2635 2855 in
2661 2813 2871 2872 genere
2893 2813 3074 2854 causae

1702 2888 1896 2945 finalis
1919 2909 1930 2950 ;
1972 2881 2234 2958 neganda
2255 2899 2392 2940 vero
2418 2887 2520 2946 est,
2548 2881 2596 2936 si
2623 2878 2987 2952 intelligatur
3009 2879 3073 2934 in

1701 2986 1911 3045 genere
1937 2984 2118 3026 causae
2145 2965 2461 3021 meritoriae
2491 2964 2723 3035 proprie
2750 2962 2933 3017 dictae.
2958 2964 3077 3017 Ne-

1702 3066 1811 3121 que
1849 3049 2099 3120 amplius
2119 3047 2335 3103 evincit
2363 3046 2581 3099 inserta
2611 3042 2904 3114 probatio;
2936 3057 3075 3097 nam

1703 3132 1837 3186 licet
1864 3133 2012 3186 Deus
2029 3127 2433 3201 justificaverit
2462 3128 2659 3180 Patres
2687 3123 2952 3195 antiquos
2974 3138 3077 3194 per

1702 3207 1879 3264 fidem
1920 3209 1983 3263 in
2025 3208 2339 3272 Christum,
2366 3207 2456 3262 vel
2489 3209 2722 3277 propter
2756 3203 3070 3268 Christum,

1703 3291 1795 3346 vel
1816 3289 1888 3347 ob
1910 3289 2121 3345 merita
2140 3287 2373 3354 Christi,
2403 3289 2463 3362 ly
2491 3291 2570 3351 in,
2599 3290 2655 3342 et
2679 3286 2738 3358 ly
2757 3291 2994 3356 propter,
3018 3289 3076 3339 et

1703 3369 1764 3444 ly
1789 3370 1873 3437 ob,
1905 3367 2368 3444 significantibus
2393 3383 2623 3424 causam
2652 3365 2888 3422 finalem
2912 3386 2923 3427 ;
2953 3380 3074 3421 non

1702 3456 1899 3510 tamen
1939 3450 2399 3525 significantibus
2451 3466 2679 3506 causam
2732 3447 3071 3506 efficientem

1702 3533 2088 3598 meritoriam,
2121 3537 2177 3588 et
2216 3531 2515 3588 meritorie
2558 3533 2907 3591 causantem,
2940 3527 3077 3600 quia

1703 3616 1820 3671 haec
1846 3613 2091 3671 influere
2120 3612 2318 3686 nequit
2360 3612 2693 3685 priusquam
2745 3609 2989 3674 existat3
3020 3612 3079 3665 et

1705 3696 2015 3769 praemium
2040 3711 2157 3751 non
2179 3695 2331 3751 valet
2344 3708 2608 3751 exercere
2623 3691 2910 3766 justitiam
2934 3705 3077 3763 prae·

1701 3776 1941 3834 miando
1993 3776 2182 3840 illum,
2239 3776 2338 3848 qui
2390 3773 2573 3831 adhuc
2625 3771 3075 3830 remunerabilis

1704 3877 1821 3918 non
1843 3866 1946 3927 est,
1978 3863 2040 3915 ut
2062 3858 2208 3915 ratio
2237 3875 2412 3931 supra
2442 3859 2584 3915 facta
2624 3856 2932 3914 convincit.
2960 3857 3076 3911 Nec

1703 3944 2027 4017 oppositum
2049 3941 2252 4000 docent
2277 3942 2664 3998 communiter
2699 3936 2993 4011 Theologi,
3018 3941 3077 3994 et

1703 4026 1890 4082 multo
1918 4024 2115 4080 minus
2155 4023 2497 4089 Thomistae3
2528 4021 2626 4078 sed
2654 4021 2841 4093 potius
2863 4019 3074 4075 horum

1705 4108 1901 4181 plures
1952 4107 2364 4164 resolutionem
2414 4111 2670 4163 nostram
2715 4105 2966 4164 tuentur,
3014 4103 3078 4154 ut

1704 4188 2008 4262 cajetanus
2035 4187 2069 4241 3
2105 4193 2254 4260 part.
2288 4192 2470 4263 quast.
2495 4187 2588 4253 62,
2615 4190 2724 4239 art.
2750 4185 2806 4248 6,
2839 4181 2938 4237 ubi
2966 4182 3077 4236 Ca-

1705 4270 1875 4328 brera
1931 4271 2137 4343 disput.
2195 4273 2237 4336 1,
2292 4271 2324 4338 g
2370 4270 2423 4336 8,
2482 4270 2687 4323 Nunus
2751 4271 2933 4343 quast.
2979 4263 3073 4330 70,

1704 4361 1815 4411 art.
1858 4354 1913 4420 4,
1959 4353 2090 4409 dub.
2128 4353 2182 4419 3,
2230 4354 2393 4407 Joan.
2446 4350 2785 4407 Vincentius
2808 4350 2868 4402 in
2893 4346 3073 4402 relect.

1706 4443 1889 4515 quast.
1920 4436 1974 4500 5,
2001 4451 2129 4507 pay.
2159 4435 2270 4489 489
2295 4440 2344 4488 et
2383 4433 2512 4496 499,
2547 4435 2776 4487 Arauxo
2802 4435 2983 4506 quaest.
3028 4429 3072 4493 l,

1706 4524 1816 4572 art.
1860 4518 1940 4582 ll,
1974 4515 2103 4570 dub.
2147 4516 2294 4569 unic.
2345 4513 2419 4568 ad
2458 4514 2513 4578 2,
2567 4510 2745 4567 Labat
2782 4510 2986 4581 disput,
3019 4509 3075 4573 2,

1706 4597 1838 4652 dub.
1867 4598 1920 4662 5,
1953 4597 2066 4666 33,
2110 4598 2167 4652 et
2206 4595 2309 4651 alii
2342 4616 2355 4651 ε
2387 4609 2492 4667 pro
2537 4592 2745 4666 quibus
2783 4596 2839 4646 et
2885 4593 3082 4645 nostra

1707 4677 1970 4734 doctrina
2008 4681 2120 4732 stat
2175 4675 2313 4732 satis
2360 4681 2554 4748 aperte
2607 4674 2783 4728 Divus
2833 4671 3085 4727 Thomas

1709 4759 1744 4814 3
1775 4765 1928 4832 part.
1961 4762 2144 4834 quast.
2175 4758 2267 4822 61,
2294 4764 2405 4813 art.
2438 4757 2475 4812 3
2503 4757 2580 4811 ad
2617 4757 2660 4823 1,
2687 4759 2743 4810 et
2771 4760 2953 4830 quaest.
2987 4752 3080 4815 62,

1708 4845 1820 4895 art.
1843 4841 1900 4893 6.
1927 4836 2034 4894 Sed
2055 4834 2125 4892 de
2149 4835 2254 4893 hoc
2277 4837 2447 4893 latius
2470 4852 2708 4910 agemus
2731 4835 2793 4888 in
2815 4834 3102 4900 Tractatu

1708 4920 1778 4976 de
1806 4917 2226 4983 Incarnatione,
2253 4915 2351 4973 ubi
2396 4917 2578 4973 etiam
2608 4917 2802 4989 aliqua
2831 4913 3088 4987 dispari·

1709 5000 1840 5057 tatis
1869 4999 2016 5056 ratio
2044 4999 2240 5055 forsan
2266 5003 2544 5054 occurret.

1794 5084 1913 5137 105.
1960 5081 2238 5154 Arguitur
2267 5079 2438 5136 tertio
2480 5099 2492 5135 :
2525 5095 2664 5136 nam
2697 5077 2883 5150 justus
2911 5076 3089 5147 potest

3092 1562 3187 1606 Alia
3206 1573 3273 1608 ro-

3116 1612 3241 1666 plica.

3084 2620 3272 2665 Diluitur
