3647 5753
1394 422 1572 477 DISP.
1615 420 1737 487 vn,
1779 420 2082 476 DUB.‘1V.

281 595 416 652 citer
462 595 790 667 applicante
835 592 906 649 ad
951 609 1307 659 consensum,
1362 589 1636 666 negamus

282 673 578 748 maj0rem.
625 676 695 730 Et
740 673 951 730 deinde
995 673 1191 730 minor
1233 673 1489 730 absolute
1535 687 1641 728 ne-

283 753 466 829 ganda
486 760 589 811 est.
617 757 813 827 Itaque
828 753 1078 826 fatemur
1104 752 1428 810 dissensum
1457 767 1644 809 neces-

283 837 435 893 sario
494 836 682 893 facere
732 836 1207 908 compositionem
1246 837 1397 891 ”cum
1451 834 1644 906 aliqua

283 915 468 990 gratia
500 936 513 970 :
541 914 916 973 seddicimus
943 915 1091 970 hanc
1115 930 1238 970 esse
1262 915 1510 988 gratiam
1541 927 1640 968 vo·

283 1002 525 1065 cantem,
558 1003 614 1052 et
641 997 1048 1069 inspirantem,
1076 1010 1359 1052 non-vero
1398 994 1645 1068 gratiam

286 1077 667 1149 applicantem
712 1074 1010 1132 efficaciter
1053 1075 1122 1132 ad
1164 1090 1529 1132 consensum.
1577 1074 1647 1126 Et

289 1156 433 1212 ratio
459 1160 562 1224 est,
594 1156 872 1228 quoniam
895 1154 1184 1211 dissensus
1208 1154 1440 1227 proprie
1462 1167 1650 1223 accep-

289 1241 376 1291 tus
403 1237 714 1308 opponitur
734 1234 989 1291 suasioni
1011 1258 1026 1302 ;
1060 1235 1161 1291 ille
1187 1234 1397 1307 quippe
1423 1233 1651 1289 dissen-

292 1315 402 1371 tire
420 1314 650 1382 dicitur,
682 1317 779 1388 qui
804 1330 1099 1371 assensum
1131 1330 1247 1370 non
1279 1319 1503 1386 praestat
1527 1328 1652 1368 sua·

291 1394 474 1451 denti:
494 1395 644 1452 unde
662 1401 722 1450 ut
735 1396 863 1469 quis
878 1394 1184 1451 dissentire
1201 1393 1386 1450 dicatu
1397 1410 1513 1461 r,su
1523 1392 1654 1448 fficit

291 1475 439 1548 quod
492 1476 818 1532 dissensum
878 1491 1010 1531 cum
1062 1476 1168 1531 illa
1212 1475 1497 1540 suasione,
1554 1489 1653 1529 seu

294 1556 548 1613 motione
568 1556 842 1613 suadente
861 1555 1187 1628 conjungat.
1214 1555 1414 1610 Gratia
1437 1560 1649 1618 autem,

293 1653 402 1710 qua
429 1636 648 1702 suadet,
681 1643 737 1692 et
764 1637 971 1692 invitat
1000 1634 1066 1691 ad
1097 1635 1330 1704 bonum,
1361 1642 1445 1690 est
1470 1634 1655 1709 gratia

295 1732 522 1780 vocans,
568 1716 842 1778 excitans,
888 1721 942 1771 et
985 1715 1298 1787 inspirans,
1334 1721 1393 1769 ut
1417 1730 1486 1770 ex
1520 1713 1657 1786 ipsis

299 1797 567 1853 terminis
586 1800 826 1859 constat,
845 1801 902 1850 et
917 1794 1231 1850 admittunt
1247 1794 1426 1849 nostri
1447 1794 1659 1850 Adver-

295 1878 460 1935 sarii.
488 1876 652 1933 L'nde
675 1882 735 1931 ut
755 1876 882 1947 quis
904 1875 1088 1948 gratia
1104 1873 1309 1930 efficaci
1329 1874 1558 1930 affectus
1577 1873 1660 1929 di·

293 1965 453 2016 catur
495 1972 654 2031 posse
682 1956 1011 2022 dissentire,
1055 1954 1262 2011 sufficit
1301 1953 1446 2028 quod
1475 1960 1660 2011 stante

295 2039 532 2114 auxilio,
565 2037 792 2102 efficaci,
842 2036 1045 2092 habeat
1085 2040 1416 2107 potestatem
1460 2035 1661 2108 proxi-

295 2135 454 2176 mam
485 2117 555 2173 ad
588 2117 918 2190 ponendum
946 2116 1293 2181 dissensum,
1327 2131 1445 2172 non
1472 2116 1662 2172 solum

291 2198 479 2272 quoad
502 2197 886 2253 substantiam
913 2202 1085 2264 actu3‚
1118 2198 1214 2253 sed
1237 2198 1410 2254 etiam
1443 2203 1502 2252 ut
1524 2212 1664 2253 con-

289 2277 678 2353 jungendum,
713 2278 804 2332 vel
841 2275 1292 2350 conjungibil‘em
1323 2294 1451 2334 cum
1480 2275 1664 2351 gratia

297 2365 561 2425 vocante,
585 2358 890 2422 excitante,
917 2363 971 2413 et
994 2358 1333 2430 inspirante.
1366 2362 1548 2424 Quam
1574 2374 1667 2430 po-

297 2446 565 2497 testatem
619 2439 828 2495 retinet
858 2437 1049 2503 homo,
1083 2439 1307 2494 tametsi
1337 2440 1556 2496 auxilio
1595 2454 1666 2495 ex

296 2537 378 2588 se,
409 2528 470 2578 et
498 2519 571 2577 ab
611 2520 926 2576 intrinseco
965 2519 1169 2576 efficaci
1211 2519 1283 2597 ad
1321 2537 1664 2578 eonsensum

297 2601 664 2674 applicetur3
713 2599 850 2672 quia
889 2598 1216 2672 hujusmodi
1247 2600 1533 2656 auxilium
1565 2615 1668 2655 nec

294 2683 396 2738 dat
420 2685 779 2754 potestatem,
807 2695 910 2736 nec
933 2682 1389 2752 praeexistentem
1420 2686 1669 2755 potesta-

292 2770 415 2820 tem
432 2761 641 2817 aufert.
663 2759 1050 2824 Quamobrem
1072 2762 1215 2817 sicut
1230 2765 1414 2837 gratia
1434 2767 1670 2819 vocante

287 2842 602 2906 excitatus,
645 2847 702 2897 et
743 2840 965 2897 auxilio
992 2840 1198 2899 efficaci
1229 2859 1345 2901 non
1377 2847 1672 2916 promotus

290 2929 490 2997 potest
539 2920 850 2977 dissentire
893 2923 1290 2998 conjungendo
1342 2923 1670 2981 dissensum

287 3020 428 3059 cum
478 3002 668 3076 gratia
692 3007 927 3057 vocante
954 3022 966 3056 ε
992 3003 1072 3057 ita
1100 3003 1673 3077 proportionabiliter

291 3086 532 3142 auxilio
589 3084 797 3141 efficaci
859 3085 1175 3157 applicatus
1231 3091 1411 3158 potest
1466 3085 1674 3141 elicere

287 3167 558 3224 eundem
600 3165 926 3222 dissensum
970 3172 1030 3221 ut
1062 3166 1513 3241 conjungibilem
1544 3182 1672 3223 cum

286 3251 492 3322 gratia
535 3254 796 3313 vocante,
841 3249 1068 3305 tametsi
1117 3249 1385 3323 conjungi
1433 3252 1676 3320 nequeat

284 3344 427 3384 cnm
461 3328 693 3384 auxilio
718 3327 948 3386 efficaci.
981 3331 1263 3385 Caeterum
1301 3344 1516 3384 munus
1541 3343 1677 3401 pro-

287 3410 502 3482 prium
535 3407 745 3463 auxilii
768 3423 838 3463 ex
865 3424 942 3474 se,
974 3402 1122 3464 et'ab
1151 3409 1466 3465 intrinseco
1488 3408 1677 3465 effica-

286 3492 377 3547 cis
406 3506 537 3549 non
566 3496 654 3546 est
682 3498 904 3556 vocare,
932 3491 1200 3555 excitare,
1233 3492 1323 3547 vel
1353 3491 1673 3564 inspirare;

285 3571 395 3628 sed
441 3573 648 3629 solum
678 3571 983 3644 applicare,
1010 3576 1066 3628 et
1096 3571 1365 3629 reducere
1403 3574 1676 3628 virtutem

288 3651 678 3723 operativam
696 3649 765 3705 ad
782 3650 1122 3706 exercitium
1146 3670 1162 3705 ε
1185 3651 1335 3708 unde
1354 3657 1677 3708 extremum

283 3731 525 3789 directe
555 3731 887 3804 oppositum
911 3730 1176 3804 praedicto
1204 3732 1442 3798 auxilio,
1474 3739 1530 3790 et
1551 3750 1680 3806 pos-

283 3814 494 3888 sibile)
548 3829 674 3869 non
701 3817 785 3869 est
823 3811 1131 3869 dissentire
1159 3812 1288 3885 ipsi,
1319 3812 1417 3869 sed
1452 3820 1680 3871 estnon

283 3894 620 3968 applicari,
653 3894 744 3949 vel
773 3908 894 3948 non
935 3892 1244 3966 agere„vel
1273 3898 1358 3950 est
1387 3910 1553 3968 agere
1578 3910 1683 3966 op-

286 3975 563 4047 positum
602 3989 743 4045 pure
770 3973 1170 4037 materialiter,
1203 3978 1259 4028 et
1286 3973 1349 4029 in
1379 3991 1549 4031 sensu
1590 3973 1683 4029 di·-

283 4057 419 4115 viso
464 4074 501 4113 a
549 4054 830 4129 praedicto
859 4054 1094 4110 auxilio.
1132 4056 1199 4109 Et
1234 4054 1362 4112 ideo
1391 4057 1539 4113 licet·
1561 4055 1684 4112 dis-

207 4202 210 4207 ,
280 4139 524 4194 sentire
567 4134 779 4210 gratim
809 4133 1078 4206 importet
1109 4149 1180 4189 ex
1209 4135 1266 4189 vi
1297 4135 1684 4192 terminorum

283 4218 789 4293 conjunctionem
829 4214 1117 4271 dissensus
1164 4231 1296 4271 cum
1348 4218 1536 4291 gratia
1584 4232 1686 4273 vo-

283 4307 501 4368 cante3
575 4300 751 4354 illam
808 4302 1001 4352 tamen
1052 4296 1513 4370 conjunctionem
1569 4314 1687 4355 non

283 4383 594 4454 importat
633 4394 769 4435 cum
809 4376 994 4450 gratia
1029 4377 1368 4449 applicante,
1400 4379 1497 4435 sed
1525 4378 1596 4435 ab
1623 4395 1688 4436 ea

281 4462 601 4539 objective
649 4457 1000 4532 praescindit.
1048 4457 1321 4520 Quocirca
1368 4460 1499 4516 licet
1546 4461 1689 4517 facta

281 4542 759 4619 comparatione
786 4538 1078 4594 dissensus
1104 4537 1173 4594 ad
1199 4539 1448 4613 gratiam
1478 4558 1690 4599 vocan-

283 4635 434 4692 tem,
488 4637 630 4680 non
675 4619 885 4675 habeat
924 4618 1110 4675 locum
1150 4618 1441 4678 distinctio
1491 4638 1691 4679 sensus

279 4705 652 4782 compositi,
671 4708 727 4758 et
748 4699 941 4767 divisi,
961 4698 1058 4755 sed
1077 4700 1457 4761 determinate
1478 4705 1560 4761 im
1568 4722 1693 4778 por·

278 4797 447 4849 tetur
476 4798 710 4843 sensus
729 4780 1110 4852 compositus;
1143 4783 1528 4841 nihilomiuus
1549 4786 1693 4843 facta

195 4932 202 4939 ,
277 4867 761 4947 comparatione
789 4862 861 4919 ad
885 4864 1169 4921 auxilium
1191 4866 1488 4924 efficaciter
1516 4868 1695 4940 appli-

277 4971 450 5020 cans,
489 4953 710 5008 locum
733 4941 910 5005 habet
933 4943 1197 5014 praedicta
1216 4945 1526 5004 distinctim
1549 4950 1694 5005 Nam

279 5039 481 5114 potest
523 5022 917 5089 considerari
957 5021 1243 5081 dissensus
1279 5034 1340 5083 ut
1364 5028 1698 5103 conjunctus

3030 409 3132 466 147

1774 592 1999 649 auxilio
2018 587 2314 649 efficaciter
2337 588 2644 663 applicanti
2667 586 2737 643 ad
2767 597 3130 647 consensum,

1775 670 1937 737 etsie
1962 677 2046 727 est
2076 669 2488 744 impossibilis;
2531 668 2620 724 vel
2653 669 2831 739 potest
2871 659 3134 719 conside·

1779 753 1899 808 rari
1921 753 2129 810 secund
2139 768 2234 808 um
2251 767 2328 817 se,
2348 757 2406 808 et
2421 749 2685 823 praecisus
2711 763 2743 802 a
2764 746 3137 802 circumstan-

1777 835 1878 890 tiis
1916 833 2029 890 sibi
2072 831 2532 896 accidentalibus,
2565 834 2730 902 atque
2756 827 2884 884 ideo
2912 824 2982 881 ab
3010 824 3139 896 ipso

1779 913 1999 971 auxilio
2025 913 2230 970 efficaci
2261 933 2273 968 ε
2303 917 2355 970 et
2386 912 2464 968 ita
2493 914 2689 967 manet
2714 906 2987 982 objective
3015 918 3139 976 pos-

1779 993 1986 1061 sibilis,
2018 998 2073 1050 et
2099 991 2503 1065 correspondet
2530 988 2790 1063 potestati
2834 985 3130 1059 proximas,

1780 1089 1953 1146 quam
1976 1072 2240 1130 voluntas
2261 1072 2364 1128 illo
2386 1070 2604 1127 auxilio
2619 1068 2834 1133 affecta,
2854 1065 2993 1122 etin
3015 1063 3144 1136 ejus

1785 1153 2139 1226 praescientia
2160 1152 2344 1209 adhuc
2365 1150 2592 1215 retinet,
2616 1155 2678 1206 et
2703 1150 3022 1222 conservat.

1817 1275 1822 1280 .
1859 1233 2174 1290 Concilium
2224 1237 2414 1289 autem
2454 1229 2863 1286 Tridentinum
2905 1241 3009 1283 nec
3035 1223 3138 1281 de·
3163 1229 3337 1321 Tlrfifffi·

1784 1316 1982 1380 clarat,
2008 1329 2118 1370 nee
2131 1313 2340 1370 diffinit
2366 1311 2665 1368 hominem
2691 1307 2910 1364 auxilio
2930 1305 3136 1364 efficaci
3204 1326 3298 1370 uni,

1785 1400 2005 1452 motum
2047 1409 2206 1467 posse
2240 1409 2370 1449 cum
2412 1392 2513 1449 illo
2550 1390 2768 1448 auxilio
2794 1388 3141 1462 conjungere

1787 1475 2148 1542 dissensum3
2196 1472 2294 1530 sed
2334 1478 2559 1530 tantum
2589 1470 2808 1536 asserit,
2842 1469 3141 1530 hominem

1787 1559 1869 1614 sic
1891 1562 2111 1614 motum
2135 1571 2295 1629 posse
2321 1554 2642 1619 dissentire,
2665 1553 2789 1609 sive
2809 1554 2885 1622 (et
2907 1551 2969 1606 in
2991 1549 3145 1607 idem

1793 1638 1962 1708 redit)
2003 1651 2166 1711 posse
2203 1635 2525 1692 dissensum
2566 1650 2694 1690 cum
2726 1632 2825 1690 Dei
2855 1631 3150 1689 vocatione

1790 1719 2155 1792 conjungere.
2182 1716 2341 1781 Quod
2369 1715 2507 1771 satis
2530 1716 2706 1788 liquet
2723 1713 2933 1785 exipso
2956 1715 3108 1769 textu
3134 1733 3148 1773 ς

1793 1817 1930 1857 nam
1956 1799 2035 1855 ibi
2063 1802 2428 1870 comparatur
2449 1795 2738 1853 dissensus
2758 1811 2886 1850 cum
2917 1807 3148 1848 assensu

1780 1878 2065 1953 praestito,
2089 1880 2201 1934 Deo
2215 1878 2515 1941 excitante,
2534 1882 2591 1933 et
2617 1879 2869 1938 vocante,
2889 1873 2970 1928 sie
2986 1871 3147 1929 enim

1795 1959 1965 2018 habet
1993 1981 2004 2013 :
2047 1959 2115 2016 Si
2141 1959 2265 2033 quis
2282 1959 2428 2011 enim
2452 1957 2678 2025 dixerit,
2713 1955 2940 2011 liberum
2966 1952 3147 2006 homi-

1795 2043 1885 2096 nis
1921 2041 2299 2095 arbitrium-a
2340 2037 2451 2094 Deo
2489 2043 2716 2102 motum,
2758 2042 2807 2089 et
2846 2035 3149 2088 cxcitatum

1796 2122 1942 2177 nihil
1992 2121 2270 2192 cooperari
2314 2117 2667 2173 assentiendo
2704 2115 2815 2172 Deo
2857 2113 3146 2177 excitanti,

1796 2208 1960 2282 atque
1985 2204 2222 2268 vocanti,
2267 2219 2369 2279 quo
2395 2200 2471 2255 ad
2508 2199 2855 2254 obtinendam
2871 2197 3154 2268 justifica·

1799 2288 1965 2341 tionis
1988 2287 2232 2354 ,qratiam
2253 2300 2306 2338 se
2345 2283 2621 2354 disponat,
2652 2297 2719 2335 ac
2742 2285 3002 2353 pra-parnt
3018 2295 3037 2345 ;
3058 2293 3153 2331 nec

1797 2383 1948 2440 posse
1969 2366 2254 2421 dissentire
2280 2363 2497 2435 (utique
2517 2365 2630 2418 Deo
2657 2360 2901 2424 vocanti,
2935 2363 2990 2414 et
3009 2357 3156 2413 exci-

1802 2446 1966 2512 tanti,
2018 2447 2107 2502 cui
2153 2444 2429 2515 assentit),
2470 2444 2520 2498 si
2560 2443 2705 2509 velit,
2731 2449 2828 2496 etc.
2861 2439 3156 2494 anathema

1800 2532 1895 2585 sit.
1925 2527 2089 2584 Unde
2113 2527 2256 2582 sicut
2280 2542 2543 2583 assensus
2569 2524 2674 2580 sub
2703 2522 3071 2584 formalitate,
3102 2522 3160 2574 et

1801 2607 2171 2680 expressione
2199 2622 2462 2663 assensus
2490 2605 2735 2661 refertur
2764 2602 2834 2659 ad
2861 2599 3161 2659 excitatio-

1804 2705 1959 2755 nem,
1986 2693 2042 2744 et
2068 2689 2446 2755 vocationem,
2476 2692 2533 2742 et
2558 2702 2686 2743 cum
2713 2683 2796 2740 eis
2823 2680 3116 2754 componit
3148 2699 3161 2733 ε

1805 2770 1885 2826 ita
1926 2770 2102 2826 etiam
2142 2767 2213 2825 de
2237 2767 2518 2833 dissensu,
2558 2771 2837 2839 quatenus
2872 2762 3164 2818 dissensus

1803 2856 1905 2917 est,
1954 2848 2345 2923 philosophari
2393 2851 2643 2922 oportet;
2688 2846 2833 2919 quin
2872 2839 3160 2900 verificari

1805 2932 2025 3002 debeat,
2075 2931 2224 3005 quod
2266 2933 2440 3006 possit
2481 2932 2652 2989 homo
2691 2929 2997 2986 dissentire
3023 2941 3161 2983 con·

1801 3012 2096 3087 jungendo
2120 3012 2442 3069 dissensum
2464 3028 2594 3068 cum
2624 3010 2842 3068 auxilio
2868 3006 3163 3066 efficaciter

1807 3093 2149 3165 applicante,
2168 3092 2267 3150 sed
2288 3094 2475 3150 solum
2501 3108 2631 3149 eum
2654 3092 2838 3166 gratia
2858 3089 3161 3152 excitante,

1809 3181 1977 3248 atque
2002 3181 2258 3234 vocante.
2285 3178 2352 3231 Et
2368 3174 2514 3249 quod
2530 3174 2600 3231 de
2625 3174 2884 3231 dissensu
2899 3170 3163 3236 dicimuS‚

1811 3254 1965 3311 idem
2014 3254 2083 3312 de
2131 3255 2444 3329 abJectione
2482 3255 2680 3330 g-ratiae
2721 3249 3161 3326 intelligendum

1808 3340 1927 3402 est3
1961 3351 2098 3391 nam
2126 3336 2447 3391 Concilium
2478 3350 2594 3392 non
2618 3334 2872 3407 loquitur
2892 3331 2962 3387 de
2984 3330 3169 3402 abjec-

1811 3416 1968 3472 tione
1996 3414 2202 3471 auxilii
2224 3415 2478 3479 efficacis,
2503 3415 2597 3472 sed
2615 3414 2685 3471 de
2701 3412 3167 3486 abiectione-gra-

1812 3497 1906 3552 tiae
1952 3496 2226 3561 vocantis,
2282 3501 2338 3552 et
2383 3495 2701 3562 excitantis,
2759 3498 2821 3548 ut
2869 3488 3164 3547 evidenter

1811 3579 2031 3633 constat
2055 3591 2128 3631 ex
2167 3576 2289 3649 ejus
2318 3575 2508 3632 verbis
2548 3591 2668 3646 cap.
2699 3575 2735 3628 5
2774 3594 2787 3629 ε
2830 3571 2923 3628 Ita
2950 3576 3009 3624 ut
3038 3576 3170 3623 tan-

1808 3662 1963 3727 yentc
2007 3654 2120 3710 Deo
2161 3673 2252 3711 cor
2295 3655 2535 3711 hominis
2570 3671 2666 3727 per
2701 3648 2951 3726 Spiritus
2989 3651 3168 3704 sancti

1814 3736 2298 3802 illuminationem,
2339 3753 2507 3813 neque
2543 3736 2701 3790 homo
2729 3735 2839 3808 ipse
2878 3731 3024 3787 nihil
3048 3746 3170 3784 om-

1815 3819 1948 3871 nino
2006 3823 2137 3886 ayat
2189 3818 2608 3890 inspirationem
2670 3816 2826 3871 illam
2882 3812 3165 3885 recipiam,

1816 3898 2012 3974 quippe
2039 3899 2135 3975 qui
2154 3899 2311 3954 illam
2335 3905 2384 3953 et
2412 3898 2641 3970 abjicere
2660 3902 2851 3970 potest,
2890 3901 2987 3950 etc.
3020 3896 3168 3948 Nam

1818 3979 1877 4051 ly
1904 3978 2082 4045 illam,
2126 3978 2195 4035 ad
2235 3980 2416 4055 solam
2455 3979 2702 4053 gratiam
2731 3976 3188 4052 illuminantem·

1821 4058 2089 4127 refertur,
2139 4068 2195 4116 et
2240 4077 2357 4117 non
2398 4059 2555 4117 adest
2600 4057 2778 4124 aliud,
2810 4071 2982 4129 super
3021 4051 3172 4126 quod

1818 4137 1997 4196 cadat.
2030 4140 2192 4197 Unde
2211 4141 2471 4199 doctrina
2486 4139 2695 4198 tradita
2712 4140 2774 4196 in
2796 4139 2902 4194 hoc
2920 4134 3102 4207 capite
3116 4134 3170 4199 5,

1820 4221 2126 4280 manifeste
2151 4224 2397 4298 explicat
2424 4229 2674 4280 mentem
2711 4218 2951 4278 concilii
2981 4217 3042 4271 in
3072 4215 3177 4271 illo

1820 4318 2042 4360 canone
2068 4307 2125 4360 4.

1896 4384 2029 4439 217.
2053 4386 2166 4441 Nee
2195 4384 2369 4441 refert
2395 4384 2443 4440 si
2478 4400 2608 4441 cum
2637 4382 2841 4440 Suario
2877 4388 3007 4436 tom.
3038 4379 3075 4434 2
3111 4375 3280 4454 demis
3295 4396 3393 4437 sua-

1817 4468 2032 4535 9ratia,
2077 4466 2172 4522 lib.
2213 4468 2268 4535 5,
2311 4484 2431 4540 cap.
2464 4466 2554 4534 37,
2587 4464 2820 4539 objicias
2847 4485 2860 4520 :
2891 4460 3175 4527 Quoniam
3213 4453 3349 4547 ι’,ὶξζξζ

1825 4548 2072 4605 intentio
2098 4548 2340 4604 concilii
2368 4555 2493 4605 erat
2531 4547 2803 4612 diffinire,
2849 4561 2965 4604 non
2990 4545 3178 4601 solum

1826 4644 2031 4694 unum,
2065 4634 2163 4685 aut
2201 4629 2447 4685 alterum
2491 4630 2774 4687 auxilium
2815 4644 2931 4685 non
2962 4625 3181 4682 inferre

1828 4708 2074 4767 arbitrio
2119 4707 2435 4767 absolutam
2495 4710 2883 4767 necessitatem
2936 4721 3170 4764 consen-

1830 4789 2030 4856 tiendi,
2055 4788 2154 4846 sed
2180 4788 2330 4862 quod
2358 4791 2587 4849 nullum
2617 4790 2902 4846 auxilium
2928 4805 3058 4847 eam
3085 4788 3183 4845 in-

1829 4870 2049 4928 ferebat
2079 4890 2093 4925 ε
2134 4885 2269 4943 ergo
2308 4869 2379 4926 ad
2409 4870 2745 4927 salvandam
2775 4870 3183 4928 diffinitionem

1830 4950 2073 5008 concilii
2126 4965 2244 5007 non
2286 4950 2494 5007 sufficit
2553 4949 2764 5019 dicere,
2810 4944 2962 5024 quod
3013 4952 3189 5009 hemo

1834 5029 2010 5102 possit
2050 5029 2333 5099 resistere,
2365 5035 2423 5087 et
2459 5028 2767 5090 dissentire
2793 5032 2944 5099 huic,
2974 5036 3075 5088 aut
3095 5031 3189 5088 illi
