3647 5753
314 763 413 805 Non
427 770 491 804 sa·

312 810 488 855 tisfacit.

530 426 641 481 420
1486 428 1579 482 DE
1616 427 2197 482 JUSTIFICATIONE
2241 429 2443 484 1MP11.

530 601 927 657 retractatione
956 604 1160 674 peccati
1201 602 1392 661 reduci
1422 603 1491 661 ad
1531 609 1741 661 statum
1791 620 1892 677 pu-

532 695 779 736 rorum..

602 763 880 817 Caeterum
909 762 1024 819 haec
1053 764 1367 837 responsi0,
1386 745 1675 839 ‘quamvis
1708 765 1892 822 salvet

529 840 719 913 reipsa
744 842 1047 901 veritatem
1070 851 1281 902 nostrae
1301 845 1655 913 assertionis,
1682 861 1892 918 nempe

529 927 958 994 peccatum-non
999 941 1160 998 posse
1186 927 1404 983 destrui
1433 925 1642 998 absque
1669 925 1891 982 intrin-

525 1017 652 1058 seca
685 1005 988 1075 peccatoris
1035 1007 1374 1076 mutatione,
1408 1006 1692 1080 siquidem
1717 1007 1891 1063 anni-

527 1083 751 1151 hilatio,
785 1089 842 1142 et
869 1085 1229 1158 reproductio
1251 1087 1507 1144 maxima
1527 1088 1768 1145 mutatio
1783 1093 1888 1155 est;

526 1164 913 1221 nihilominus
941 1183 1058 1224 non
1087 1171 1276 1224 tuetur
1305 1170 1367 1226 D.
1395 1169 1628 1226 Thomae
1671 1168 1892 1241 princi-

525 1244 637 1316 pia,
663 1244 869 1318 quibus
892 1246 1282 1303 innititurilla
1300 1248 1555 1320 asserti0,
1581 1246 1679 1304 sed
1696 1264 1763 1305 ea
1788 1247 1893 1305 de-

522 1323 681 1391 serit,
706 1330 762 1381 et
788 1325 1024 1383 aliunde
1044 1331 1130 1382 est
1157 1327 1524 1384 insufficiens
1570 1331 1723 1385 Tum
1753 1329 1892 1402 quia

529 1404 804 1477 implicat,
840 1410 1020 1463 Deum
1067 1422 1190 1463 esse
1230 1407 1456 1464 homini
1496 1404 1801 1476 offensum,
1834 1413 1893 1466 et

523 1485 673 1557 quod
700 1487 872 1544 homo
893 1486 968 1543 sit
1014 1486 1267 1544 mundus
1296 1505 1329 1544 a
1370 1495 1592 1561 peccato
1624 1511 1637 1546 ε
1666 1489 1764 1548 sed
1789 1505 1892 1563 per

529 1566 650 1634 hoc,
694 1566 843 1641 quod
892 1561 1148 1641 peccator
1176 1568 1557 1634 annihiletur,
1589 1574 1646 1627 et
1686 1588 1891 1644 repro-

531 1646 788 1716 ducatur,
834 1666 952 1706 non
979 1650 1254 1722 sequitur,
1285 1651 1433 1723 quod
1482 1655 1629 1710 Deus
1668 1653 1892 1710 desinat
1925 1668 1932 1675 ·

530 1744 653 1786 esse
690 1730 778 1785 illi
819 1729 1109 1786 offensus:
1139 1746 1274 1805 ergo
1302 1748 1405 1790 nec
1441 1734 1717 1808 sequitur,
1742 1733 1893 1808 quod

530 1825 601 1866 ex
629 1810 688 1866 vi
734 1811 972 1866 illarum
1013 1813 1401 1869 mutationum
1430 1814 1603 1872 homo
1646 1815 1895 1888 deponat

534 1895 842 1962 peccatum.
872 1888 1153 1947 Suadetur
1181 1893 1397 1959 minor,
1429 1894 1564 1966 quia
1588 1895 1651 1950 in
1681 1896 1893 1952 huma-

534 1971 626 2026 nis
645 1970 693 2026 si
724 1973 926 2027 Petrus
948 1971 1147 2029 suisset
1173 1973 1422 2032 offensus
1443 1993 1475 2032 a
1500 1978 1738 2042 Joanne,
1775 1978 1892 2034 mi-

536 2052 695 2108 nime
733 2052 1168 2126 extingueretur
1207 2054 1423 2111 offensa
1452 2071 1553 2128 per
1592 2056 1717 2123 hoc,
1743 2057 1892 2130 quod

534 2134 780 2188 Joannes
809 2138 953 2189 esset
980 2150 1013 2191 a
1058 2137 1173 2191 Deo
1200 2136 1576 2204 annihilatus,
1608 2143 1664 2194 et
1693 2154 1893 2210 repro-

534 2214 764 2283 ductus;
808 2215 905 2273 sed
957 2223 1081 2291 post
1125 2217 1894 2291 reproductionem.10annis

534 2304 796 2354 maneret
825 2300 1026 2354 Petrus
1069 2298 1336 2367 offensuS,
1366 2305 1421 2356 et
1452 2308 1637 2373 posset
1670 2303 1820 2375 juste
1862 2319 1894 2358 a

529 2380 752 2435 Joanne
803 2381 1249 2438 satisfactionem
1277 2383 1505 2457 exigere
1537 2405 1550 2441 ε
1575 2401 1710 2459 ergo
1740 2384 1893 2442 idem

524 2477 566 2517 -a
592 2459 819 2517 fortiori
843 2459 1149 2517 dicendum
1171 2467 1254 2519 est
1274 2463 1344 2521 de
1369 2466 1480 2521 Deo
1495 2464 1728 2533 offenso,
1764 2467 1896 2524 licet

534 2546 789 2615 peccator
830 2543 1210 2609 annihiletur,
1261 2551 1318 2602 et
1364 2546 1790 2619 reproducatur.
1827 2551 1897 2602 Et

536 2623 683 2701 ratio
731 2628 816 2679 est
858 2624 1056 2681 eadem
1108 2626 1425 2700 utrobique,
1457 2630 1593 2700 quia
1624 2628 1896 2686 videlicet

534 2701 873 2758 offendentis
921 2705 1287 2771 annihilatiO,
1318 2713 1375 2775 et
1405 2707 1764 2779 reproductio
1793 2724 1896 2766 nec

521 2787 617 2839 est
643 2782 949 2838 satisfactio
987 2799 1058 2840 ex
1088 2790 1245 2856 parte
1284 2786 1642 2852 offendentis,
1675 2805 1779 2846 nec
1810 2794 1897 2847 est

524 2860 783 2935 gratuita
807 2862 1149 2944 condonatio
1174 2884 1246 2923 ex
1273 2874 1432 2940 parte
1446 2867 1668 2937 offensi3
1696 2870 1793 2927 sed
1810 2876 1896 2929 est

536 2942 652 2999 alia
668 2944 908 3000 mutatio
923 2944 1230 3017 disparata,
1245 2954 1302 3004 et
1318 2949 1484 3022 longe
1504 2949 1750 3018 diversa,
1771 2971 1896 3026 qum

537 3022 777 3095 proinde
836 3024 1111 3082 offensam
1162 3028 1537 3086 inextinctam
1592 3033 1893 3107 relinquit.

536 3107 684 3160 Tum
705 3105 898 3172 etiam,
918 3107 1053 3179 quia
1075 3113 1229 3165 actus
1254 3113 1696 3183 peccaminosuS,
1718 3132 1897 3190 quan-

512 3183 635 3243 .·diu
677 3200 794 3239 non
844 3191 1197 3255 retractatur,
1248 3196 1443 3248 manet
1490 3193 1553 3250 in
1602 3194 1897 3253 abomina-

539 3266 693 3322 tione
721 3265 941 3335 divina,
973 3276 1028 3326 et
1067 3276 1152 3327 est
1191 3265 1671 3345 impedimentum
1703 3278 1898 3335 incon·

533 3345 817 3420 J'ungibile
872 3365 999 3406 cum
1053 3352 1257 3424 gratia,
1316 3353 1604 3430 infertque
1656 3358 1899 3430 proinde

523 3432 817 3499 quantum
845 3434 928 3484 est
966 3429 1037 3488 de
1075 3448 1155 3499 se,
1182 3434 1230 3488 si
1254 3433 1401 3490 adsit
1427 3436 1760 3510 subjectum,
1795 3457 1899 3496 vo-

541 3506 857 3562 luntariam
905 3509 1026 3582 ejus
1073 3513 1479 3583 privationem,
1530 3533 1654 3591 quse
1703 3520 1901 3591 nequit

542 3602 660 3643 non
690 3587 899 3645 habere
928 3592 1210 3650 rationem
1253 3598 1512 3662 maculae,
1544 3603 1601 3655 et
1641 3600 1849 3671 peccati
1885 3621 1898 3655 :

529 3666 696 3738 -atqui
720 3670 1069 3729 annihilatio
1091 3677 1395 3745 peccatoris
1420 3680 1661 3736 nonfuit
1686 3686 1901 3737 retrac-

537 3748 682 3805 tatio
711 3751 939 3820 peccati,
976 3758 1037 3808 ut
1069 3771 1139 3811 ex
1159 3773 1220 3813 se
1242 3758 1419 3831 liquet
1447 3782 1461 3816 ε
1488 3778 1624 3838 ergo
1652 3768 1777 3835 post
1802 3778 1903 3819 an·

542 3830 949 3889 ›nihilationem
972 3838 1186 3893 mansit
1212 3838 1395 3897 adhuc
1436 3849 1594 3898 actus
1621 3847 1903 3916 peccami-

544 3927 716 3968 nosus
756 3913 818 3969 in
849 3913 1277 3977 abominatione
1304 3919 1524 3990 divina,
1560 3929 1620 3980 ut
1647 3926 1903 3999 impedi-

542 4001 802 4051 mentum
869 3997 1321 4074 inconjungibile
1378 4021 1508 4060 cum
1566 4007 1750 4079 gratia
1771 4052 1784 4074 ,
1848 4014 1902 4066 et

541 4075 800 4132 inserens
824 4084 1104 4149 quantum
1131 4088 1217 4137 est
1242 4082 1313 4139 de
1334 4099 1412 4150 se,
1442 4085 1603 4141 illius
1633 4088 1905 4159 privatio·

542 4174 696 4226 nem,
718 4158 764 4213 si
789 4159 1042 4230 haberet,
1067 4164 1157 4219 vel
1186 4173 1521 4224 connotaret
1549 4169 1900 4243 subjectum:

530 4237 640 4296 sed
696 4238 789 4295 ubi
848 4241 1035 4311 primo
1082 4244 1479 4317 reproducitur
1529 4250 1717 4317 homo,
1780 4252 1903 4325 Jam

545 4319 703 4397 adest
729 4321 1042 4394 subjectum
1085 4342 1260 4399 capax
1310 4329 1590 4400 praedictae
1621 4332 1904 4403 privatio-

548 4400 638 4454 nis
666 4421 678 4454 :
708 4416 841 4473 ergo
870 4403 1032 4459 illam
1073 4408 1378 4474 contrahit,
1410 4415 1576 4482 atque
1618 4410 1745 4469 ideo
1775 4429 1906 4486 pec-

541 4484 701 4536 cator
740 4483 1116 4553 annihilatus,
1148 4492 1204 4544 et
1231 4489 1600 4561 reproductus
1629 4508 1743 4549 non
1776 4509 1906 4549 ma-

548 4566 645 4618 net
662 4577 733 4617 ex
761 4564 817 4619 vi
848 4564 1016 4639 hujus
1043 4569 1293 4625 mundus
1328 4587 1361 4627 a
1389 4579 1643 4644 peccato;
1685 4574 1785 4631 sed
1811 4575 1907 4631 vel

546 4643 845 4716 antiquum
871 4655 1158 4719 peccatum
1191 4652 1480 4722 retinebit,
1523 4657 1615 4712 vel
1656 4658 1905 4731 gratiam

547 4723 795 4792 habebit,
821 4744 944 4799 quae
972 4737 1258 4802 peccatum
1287 4733 1632 4804 formaliter,
1659 4742 1759 4795 aut
1779 4738 1907 4794 vir-

547 4806 780 4862 tualiter
811 4812 1088 4867 retractet.
1123 4814 1271 4870 Tum
1317 4813 1600 4889 denique..
1627 4819 1766 4890 quia
1806 4834 1908 4876 rca-

550 4887 735 4943 rentia
778 4890 1104 4952 voluntaria
1143 4897 1342 4970 gratiae
1381 4899 1579 4972 nequit
1625 4916 1743 4957 non
1787 4916 1909 4957 esse

552 4970 819 5060 privatio,
872 4980 927 5030 et
967 4984 1254 5048 peccatum
1289 4980 1432 5037 :sed
1480 4986 1733 5053 peccator
1778 4983 1909 5039 sine

549 5053 736 5120 gratia
800 5055 1166 5126 reproductus
1217 5060 1451 5119 haberet
1514 5063 1906 5120 voluntariam

2023 605 2336 661 carentiam
2362 606 2561 680 gratiae
2596 627 2609 661 :
2637 622 2773 679 ergo
2802 605 3037 663 haberet
3071 611 3371 678 peccatum.

2024 684 2302 742 Suadetur
2332 687 2560 746 minor:
2610 702 2746 742 nam
2789 687 2852 743 in
2900 688 3105 759 primis
3150 686 3375 744 haberet

2022 764 2339 821 carentiam
2380 767 2598 839 gratiae,
2651 772 2712 821 ut
2749 765 3138 840 supponitur:
3170 764 3369 823 deinde

2024 843 2291 917 praedicta
2327 845 2583 901 carentia
2603 852 2748 902 esset
2775 845 3108 902 voluntaria
3135 862 3234 919 per
3255 861 3373 902 res-

2025 930 2248 998 pectum
2290 925 2358 982 ad
2401 932 2589 984 actum
2632 928 3092 1001 peccaminosum
3124 927 3375 999 praeteri-

2023 1013 2162 1074 taru,
2212 1007 2309 1079 qui
2359 1023 2658 1081 nunquam
2705 1013 3037 1067 retractatus
3079 1014 3210 1064 est:
3244 1022 3373 1082 ergo

2025 1086 2261 1144 haberet
2289 1088 2682 1145 voluntariam
2713 1088 3027 1145 carentiam
3057 1087 3276 1162 gratiae.

2109 1168 2228 1225 175.
2251 1167 2413 1224 Unde
2440 1168 2606 1224 aliter
2629 1167 2699 1223 ad
2722 1175 3129 1243 argumentum
3152 1181 3376 1239 respon·
3404 1172 3533 1215 melior

2024 1245 2191 1305 detur
2218 1248 2480 1323 negando
2520 1249 2859 1306 antecedens
2884 1269 2898 1305 ε
2927 1255 2984 1306 et
3004 1249 3072 1306 ad
3100 1250 3222 1323 ejus
3244 1263 3375 1320 pro-
3411 1233 3522 1316 iffi·

2024 1326 2314 1384 bationem
2343 1328 2553 1385 iterum
2577 1327 2838 1404 neganda
2863 1334 2947 1385 est
2974 1330 3190 1395 minor,
3210 1342 3376 1402 quam
3390 1321 3534 1365 501111ῑο-

2025 1424 2143 1465 non
2186 1408 2461 1466 evincunt
2523 1409 2767 1466 inductoe
2825 1408 3214 1485 probationes,
3255 1411 3376 1465 Non

2026 1488 2231 1562 prima,
2256 1489 2390 1561 quia
2416 1490 2546 1546 licet
2567 1491 2739 1548 homo
2763 1506 2795 1546 a
2821 1491 2943 1546 solo
2967 1493 3079 1548 Deo
3106 1487 3380 1563 reprodu·

2022 1577 2248 1627 ceretur
2293 1575 2565 1644 tanquam
2613 1571 2683 1628 ab
2731 1570 2963 1643 speciali
2992 1586 3188 1636 causa;
3221 1570 3380 1625 nihi-

2026 1645 2280 1700 lominus
2307 1644 2541 1702 infectio
2573 1647 2777 1718 peccati
2829 1660 2944 1700 non
2988 1646 3049 1700 in
3080 1647 3258 1700 Deum
3292 1660 3382 1698 re-

2025 1725 2344 1793 duceretur,
2403 1726 2502 1782 sed
2562 1728 2624 1782 in
2672 1733 2858 1782 actum
2927 1725 3381 1799 peccaminosum

2026 1807 2379 1878 praeteritum
2411 1822 2527 1862 non
2551 1812 2934 1871 retractatum,
2959 1807 3054 1879 qui
3081 1806 3295 1861 mansit
3322 1806 3383 1862 in

2026 1888 2454 1946 abominatione
2482 1887 2699 1953 divina,
2727 1894 2782 1944 et
2824 1889 3018 1961 nequit
3042 1903 3173 1943 cum
3201 1889 3384 1962 gratia

2024 1971 2324 2044 conjungi;
2367 1976 2423 2027 et
2465 1971 2544 2027 ita
2571 1972 2864 2027 constituit
2907 1971 3028 2043 ejus
3066 1971 3382 2027 carentiam

2026 2051 2434 2114 voluntariam,
2464 2057 2519 2107 et
2551 2052 3021 2123 peccaminosam.
3051 2049 3215 2107 Unde
3239 2056 3388 2123 patet

2026 2131 2097 2188 ad
2134 2134 2467 2205 exemplum
2495 2133 2699 2206 Angeli
2726 2134 2786 2188 in
2809 2133 3165 2189 contrarium
3184 2130 3389 2188 adduc·

2027 2219 2148 2269 tum
2190 2230 2369 2270 :nam
2399 2215 2649 2287 Angelus
2694 2215 2756 2270 in
2803 2231 2907 2271 sua
2945 2215 3234 2271 creatione
3273 2229 3386 2270 non

2025 2296 2296 2368 supponit
2337 2297 2587 2370 aliquem
2637 2303 2821 2353 actum
2866 2297 3161 2370 proprium
3195 2312 3390 2368 pecca-

2030 2377 2319 2433 minosum
2352 2394 2467 2435 non
2499 2383 2885 2446 retractatum,
2907 2378 3167 2450 quocirca
3190 2378 3390 2450 nequit

2026 2475 2096 2515 ex
2142 2459 2198 2514 vi
2248 2459 2417 2534 hujus
2471 2459 2626 2516 infici
2680 2466 2931 2530 peccato;
2980 2460 3077 2516 sed
3129 2460 3390 2516 carentia

2025 2539 2242 2613 gratia),
2274 2541 2321 2595 si
2349 2540 2476 2597 siiie
2500 2541 2685 2615 gratia
2713 2547 3023 2604 crearetur,
3056 2547 3200 2598 esset
3222 2557 3388 2597 mera

2029 2619 2272 2692 negatio,
2322 2625 2378 2674 et
2418 2636 2532 2677 non
2576 2621 2824 2692 privatio
2866 2622 3124 2677 moralis.
3157 2621 3216 2676 Si
3251 2637 3390 2678 vero

2028 2699 2277 2771 Angelus
2302 2700 2460 2771 prius
2489 2707 2781 2772 peccasset,
2810 2701 2960 2756 idem
2990 2700 3059 2756 de
3099 2718 3186 2767 ee,
3215 2719 3281 2759 ac
3320 2701 3391 2757 de

2028 2778 2265 2835 homine
2289 2786 2572 2851 peccatore
2601 2779 2902 2835 dicendum
2933 2780 3076 2836 soret
3108 2802 3121 2835 :
3151 2789 3206 2838 et
3230 2783 3314 2838 ita
3340 2782 3391 2837 si

2028 2858 2314 2916 daemones
2355 2876 2388 2916 a
2437 2863 2547 2917 Deo
2575 2860 3063 2927 annihilarentur,
3089 2865 3145 2918 et
3171 2861 3391 2919 iterum

2030 2937 2496 3012 producerentur,
2521 2939 2717 2996 eadem
2744 2941 3036 3012 peccat-ain
3059 2958 3163 2998 sua
3187 2958 3393 3014 repro-

2028 3020 2291 3076 ductione
2330 3019 2624 3086 haberent,
2655 3021 2860 3093 quibus
2888 3020 3058 3078 modo
3086 3025 3395 3081 maculan-

2029 3107 2142 3158 tur.
2167 3103 2281 3157 Nec
2317 3100 2564 3157 secunda
2595 3101 2853 3174 probatio
2879 3107 3060 3176 urget,
3093 3104 3228 3174 quia
3266 3105 3397 3161 licet

2031 3187 2317 3255 peccatum
2363 3180 2634 3237 defecerit
2663 3182 2911 3255 physice,
2942 3189 2998 3238 et
3041 3183 3396 3241 inhaerenter

2031 3264 2103 3322 ob
2117 3263 2560 3321 destructionem
2578 3262 2810 3337 subjecti
2819 3288 2833 3331 3
2862 3265 3179 3337 permansit
3195 3272 3390 3322 tamen

2031 3345 2331 3403 moraliter
2380 3343 2653 3417 objective
2706 3345 2767 3400 in
2821 3343 3254 3402 abominatione
3298 3346 3392 3402 di-

2032 3427 2189 3492 vina,
2220 3425 2354 3498 quia
2395 3430 2762 3480 retractatum
2803 3440 2921 3480 non
2948 3431 3032 3481 est
3077 3447 3090 3481 ε
3119 3427 3387 3498 quocirca

2032 3524 2258 3580 semper
2301 3506 2522 3562 inducit
2547 3506 2616 3562 de
2642 3523 2703 3562 se
2732 3507 3142 3574 voluntariam,
3176 3515 3232 3565 et
3263 3525 3390 3582 pec-

2033 3590 2386 3645 caminosam
2415 3587 2612 3658 gratiae
2647 3588 2983 3651 carentiam,
3015 3603 3258 3660 eamque
3279 3594 3394 3645 sta—

2035 3671 2139 3726 tim
2168 3676 2379 3733 causat,
2414 3667 2512 3723 ubi
2555 3668 2743 3739 primo
2782 3673 3051 3724 connotat
3076 3669 3391 3742 subJ‘ectum

2037 3752 2460 3825 reproductum.
2490 3752 2599 3807 Per
2614 3750 2761 3823 quod
2780 3751 2956 3823 liquet
2971 3759 3040 3806 ad
3060 3753 3390 3825 exemplum

2036 3837 2099 3892 in
2126 3834 2517 3899 contrarium5
2549 3848 2686 3887 nam
2730 3839 2951 3904 peccata
2992 3850 3091 3905 per
3118 3834 3387 3908 gratiam,

2034 3919 2126 3974 vel
2155 3916 2551 3991 poenitentiam
2593 3915 2843 3970 extincta
2873 3931 3005 3972 vere
3029 3922 3391 3973 retr-unctan-

2034 4006 2150 4066 tur,
2192 4005 2248 4055 et
2295 3999 2455 4054 nullo
2494 3995 2663 4053 modo
2709 4002 2943 4052 manent
2998 3997 3248 4070 physice,
3302 4000 3389 4055 vel

2037 4081 2334 4137 moraliter
2372 4101 2385 4135 :
2432 4078 2580 4134 unde
2628 4094 2924 4150 nunquam
2968 4077 3229 4147 redeunt,
3264 4081 3392 4138 licet

2039 4167 2226 4235 postea
2256 4159 2414 4218 aliud
2451 4159 2709 4216 succedat
2750 4166 3056 4231 peccatum.
3098 4162 3393 4235 Potestque

2038 4249 2153 4300 tota
2180 4244 2300 4300 haec
2322 4242 2616 4314 responsio
2630 4239 2964 4297 confirmari
2987 4245 3256 4315 exemplo
3274 4260 3390 4317 pec·

2037 4325 2166 4394 cati,
2221 4324 2368 4398 quod
2422 4324 2675 4379 Adamus
2740 4339 2840 4395 per
2908 4324 3141 4394 modurn
3194 4325 3393 4398 capitis

2038 4406 2360 4472 commisit;
2405 4403 2555 4459 istud
2593 4403 2804 4477 quippe
2827 4409 2885 4458 ut
2926 4420 2956 4460 a
2984 4406 3245 4476 parvulis
3280 4421 3391 4463 non

2041 4493 2430 4553 retractatum,
2457 4503 2560 4543 nec
2588 4493 2781 4542 manet
2805 4487 2865 4541 in
2894 4487 3018 4558 ipso
3036 4488 3276 4553 Adamo‚
3299 4504 3395 4544 nec

2040 4571 2104 4627 in
2128 4571 2319 4642 aliquo
2344 4571 2478 4635 alie,
2504 4568 2600 4625 sed
2625 4574 2846 4624 tantum
2883 4569 2945 4623 in
2969 4568 3395 4630 abominatione

2040 4652 2274 4718 divina3
2303 4655 2358 4707 et
2397 4659 2591 4707 tamen
2627 4648 2706 4704 ibi
2734 4650 2983 4706 existens
3022 4650 3243 4708 inducit
3272 4668 3395 4725 pec-

2040 4739 2229 4790 catum
2259 4733 2561 4807 originale,
2592 4730 2713 4786 sive
2743 4730 3127 4801 privationem
3162 4732 3397 4805 justitiae

2042 4813 2344 4887 originalis
2397 4813 2457 4867 in
2501 4812 2774 4884 parvuliS,
2826 4811 2921 4867 ubi
2972 4812 3164 4885 primo
3209 4813 3396 4870 conci-

2045 4898 2301 4971 piuntur,
2332 4893 2474 4967 quin
2499 4892 2632 4948 inde
2651 4899 2938 4966 sequatur,
2969 4894 3117 4966 quod
3143 4897 3288 4952 Deus
3326 4893 3396 4950 sit

2042 4995 2210 5036 causa
2257 4975 2561 5050 originalis
2624 4974 2853 5047 peccati.
2906 4975 3224 5034 Videantur
3275 4992 3396 5050 quae

2043 5059 2299 5117 diximus
2319 5064 2479 5113 tract.
2523 5056 2587 5110 de
2602 5057 2863 5128 peccatis,
2887 5056 3028 5129 Λὶψ.
3070 5059 3151 5123 14,
3184 5058 3305 5113 dub.
3340 5058 3390 5120 3,

3286 5141 3390 5206 ἓῗ.
