3647 5753
514 419 585 475 96
1193 407 1196 412 ’
1536 441 1632 496 nr:
1669 440 1941 496 GRATIA
1979 440 2323 497 EFFICACI.

511 602 567 667 9,
599 611 710 659 art.
747 606 802 670 4,
834 615 883 660 et
911 619 1093 686 quaest.
1127 613 1245 680 109,
1278 616 1392 687 sere
1427 635 1523 690 per
1553 626 1744 685 totam,
1772 617 1872 674 ubi

508 684 839 754 generalem
864 688 1008 745 hanc
1036 690 1354 751 doctrinam
1382 697 1630 772 applicat
1655 698 1728 753 iis
1748 714 1873 770 quae

514 761 584 818 ad
625 767 888 825 ordinem
915 773 1114 844 gratiae
1131 783 1407 848 spectant,
1438 786 1555 837 tam
1589 783 1647 835 in
1668 786 1778 836 art.
1819 782 1866 846 1,

512 861 682 938 quam
714 851 772 903 in
796 859 904 906 art.
940 855 992 918 9,
1021 855 1117 913 ubi
1145 860 1224 915 ait
1265 882 1277 916 :
1324 881 1351 912 <‹
1395 863 1577 919 Homo
1598 861 1661 916 in
1686 862 1872 935 gratia

519 947 544 979 «
586 933 831 986 existens
862 948 978 991 non
1021 937 1240 1014 indiget
1266 941 1379 998 alio
1408 942 1623 999 auxilio
1649 942 1866 1017 gratiae,

519 1031 543 1062 r<
591 1015 750 1082 quasi
782 1016 973 1090 aliquo
1000 1021 1114 1077 alio
1156 1022 1352 1080 habitu
1394 1024 1603 1081 infuso.
1652 1025 1873 1100 Indiget

518 1112 542 1142 «
590 1098 783 1152 tamen
833 1102 1050 1158 auxilio
1089 1106 1289 1177 gratiae
1332 1106 1645 1163 secundum
1687 1108 1870 1164 alium

517 1194 542 1222 α
590 1175 845 1244 modum,
882 1190 940 1236 ut
985 1184 1197 1241 scilicet
1235 1203 1267 1243 a
1310 1189 1422 1245 Deo
1461 1194 1759 1245 moveatur
1798 1188 1869 1246 ad

518 1273 544 1305 «
594 1261 741 1313 recte
768 1260 1072 1332 agendum,
1105 1270 1160 1321 et
1181 1266 1285 1322 hoc
1306 1273 1536 1342 propter
1563 1267 1674 1325 duo
1708 1270 1870 1341 :pri-

518 1356 543 1386 «
591 1352 687 1393 mo
712 1341 944 1411 quidem
964 1347 1183 1404 ratione
1203 1351 1458 1422 generali
1491 1357 1720 1424 propter
1740 1352 1864 1420 hoc,

518 1438 541 1467 «
584 1418 729 1490 quod
764 1421 906 1478 sicut
951 1443 1124 1500 supra
1177 1428 1389 1487 dictum
1435 1439 1537 1499 est,
1588 1434 1751 1489 nulla
1780 1449 1870 1490 res

517 1518 542 1549 «
584 1506 772 1557 creata
802 1510 982 1575 potest
1000 1508 1064 1563 in
1090 1526 1484 1585 quemcunque
1511 1520 1697 1571 actum
1733 1529 1869 1587 pro-

518 1601 543 1631 «
584 1579 728 1650 dire,
789 1586 900 1642 nisi
965 1588 1179 1648 virtute
1226 1594 1496 1650 motionis
1542 1595 1773 1651 divinae.
1838 1617 1862 1646 »

511 1663 848 1751 Plujusmodi
880 1674 1067 1726 autem
1089 1675 1358 1745 generale
1380 1676 1440 1729 D.
1466 1677 1700 1733 Thomae
1714 1675 1871 1749 prin-

509 1743 722 1814 cipium
766 1744 975 1803 directe
1027 1752 1335 1823 opponitur
1385 1753 1868 1813 Adversariorum

434 1847 447 1861 ·
512 1826 868 1895 responsioni
918 1846 1090 1901 supra
1132 1832 1355 1890 traditae
1397 1859 1411 1902 ;
1468 1852 1603 1892 nam
1633 1837 1681 1892 si
1722 1839 1869 1894 Deus

509 1910 717 1970 movet,
738 1911 793 1960 et
813 1909 1056 1980 applicat
1077 1919 1397 1970 creaturam
1420 1914 1490 1971 ad
1512 1917 1868 1988 operandum

509 1986 762 2042 motione
785 2003 900 2044 non
925 1989 1348 2058 auferente‚sed
1375 2002 1732 2068 supponente
1753 1998 1870 2053 vir·

507 2068 685 2120 tutem
734 2068 936 2140 agendi
972 2092 984 2125 :
1021 2086 1157 2145 ergo
1212 2075 1363 2132 inter
1410 2079 1607 2134 omnia
1649 2078 1869 2134 auxilia

507 2145 860 2214 sufficientia,
878 2156 931 2205 et
947 2154 1336 2224 operationem
1355 2158 1569 2214 mediat
1583 2159 1866 2215 auxilium

507 2245 764 2296 movens,
792 2236 846 2286 et
876 2232 1149 2292 reducens
1191 2239 1463 2297 virtutem
1513 2242 1868 2299 auxiliorum

506 2310 907 2368 sufficientium
938 2315 1006 2370 ad
1028 2319 1391 2376 exercitium.
1416 2322 1749 2380 Adversarii
1773 2339 1870 2379 au-

507 2396 622 2447 tem
672 2398 850 2448 totum
911 2394 1014 2450 hoc
1066 2400 1355 2472 negotium
1407 2408 1866 2460 consummatum

507 2474 841 2529 existimant
869 2477 931 2530 in
973 2479 1277 2539 collatione
1316 2486 1669 2542 auxiliorum
1709 2486 1869 2541 suffi-

506 2551 801 2620 cientium,
847 2560 900 2610 et
927 2562 1325 2629 cooperatione
1376 2563 1543 2622 liberi
1595 2564 1864 2632 arbitrii3

507 2637 561 2687 et
583 2639 843 2689 asserunt
885 2637 1167 2696 auxilium
1200 2643 1500 2711 sufficiens,
1533 2652 1589 2702 et
1617 2645 1868 2702 liberum

510 2711 817 2792 arbitrium
866 2716 1040 2772 simul
1078 2721 1274 2793 juncta
1317 2726 1608 2798 cooperari
1658 2726 1867 2781 simul-

509 2798 691 2858 tanee,
718 2794 986 2869 aliudque
1015 2802 1298 2858 auxilium
1334 2821 1403 2861 ex
1429 2823 1490 2864 se
1515 2807 1707 2863 efficax
1750 2823 1870 2863 mo-

510 2893 670 2943 vensi,
702 2882 758 2934 et
798 2881 1090 2952 applicans
1118 2886 1491 2958 superfluere.

297 2958 497 3053 {322¹ssss
594 2960 713 3014 143.
754 2959 950 3027 Tertio,
983 2964 1126 3035 quia
1154 2966 1356 3024 Doctor
1385 2972 1618 3026 Sanctus
1660 2970 1869 3044 ubique

302 3060 479 3162 Deam}
511 3039 701 3176 {ratidin
732 3058 849 3098 non
872 3042 1187 3183 ideogeum
1206 3051 1352 3107 scire
1376 3067 1463 3108 res
1480 3052 1868 3125 futuras‚quia

485 3131 497 3140 ·
539 3140 570 3177 u
603 3139 718 3179 urae
758 3132 893 3181 sun-t
960 3144 1018 3183 se
1078 3145 1405 3189 econverso
1453 3133 1509 3189 id
1611 3152 1637 3190 r
1670 3153 1698 3188 s

318 3162 479 3301 οῗςξέῗα·
509 3202 750 3270 futuraS,
775 3170 911 3278 quia
948 3210 1208 3268 sciuntur
1235 3230 1264 3269 a
1292 3216 1424 3271 Deo,
1461 3150 1869 3273 Itgohabeteesff

295 3269 486 3365 adden-‘ga—
513 3300 703 3357 presse
740 3289 756 3341 l
806 3298 959 3360 part.
991 3309 1044 3368 q.
1079 3294 1159 3359 14,
1193 3302 1298 3350 art.
1324 3296 1377 3362 8,
1403 3305 1452 3350 et
1474 3314 1521 3374 q.
1561 3299 1641 3362 16,
1673 3305 1782 3353 art.
1818 3301 1863 3364 l,

347 3368 437 3401 ¹¹¹⁵·
510 3373 559 3420 et
590 3368 634 3432 1,
663 3369 715 3433 2,
742 3378 923 3445 quaest.
968 3372 1058 3437 93,
1105 3382 1209 3430 art.
1253 3378 1269 3430 l
1315 3376 1391 3429 ad
1417 3377 1468 3443 3,
1501 3385 1550 3432 et
1578 3384 1758 3454 quest.
1807 3381 1862 3445 2,

509 3448 573 3503 de
613 3447 866 3516 Vei-itate,
921 3462 1033 3510 art.
1084 3457 1146 3510 14
1193 3457 1269 3511 ad
1323 3457 1365 3522 1,
1409 3464 1466 3513 et
1511 3458 1650 3514 alibi
1696 3476 1863 3533 saepe.

509 3529 768 3602 Explicat
792 3538 980 3588 autem
1006 3551 1274 3607 expresse
1303 3537 1364 3592 in
1395 3538 1574 3611 priori
1604 3540 1869 3598 testimo-

508 3610 607 3667 nio
645 3611 816 3667 citato
858 3629 928 3669 ex
979 3617 995 3669 1
1069 3622 1214 3688 part.
1273 3618 1696 3693 adjungendum
1745 3637 1867 3678 esse

504 3691 757 3748 scientiae
779 3692 991 3751 divium
1015 3696 1262 3754 liberum
1288 3701 1387 3756 Dei
1414 3699 1724 3766 decretum,
1755 3718 1867 3774 quo

504 3773 818 3830 inclinetur
840 3776 908 3832 ad
940 3776 1322 3838 determinata
1362 3782 1593 3840 futura:
1650 3807 1675 3836 «
1724 3788 1866 3841 Cum

509 3875 548 3921 «⁴
576 3853 755 3921 enim,
784 3856 989 3929 inquit,
1019 3859 1207 3917 forma
1247 3862 1634 3939 intelligibilis
1664 3864 1734 3922 ad
1761 3882 1866 3939 op-

509 3954 534 3985 «
579 3935 760 4006 posita
799 3953 859 3993 se
899 3937 1103 3995 habeat
1129 3945 1278 4010 (cum
1313 3944 1387 3998 sit
1407 3944 1606 4001 eadem
1627 3946 1866 4003 scientia

510 4036 535 4065 «
577 4016 989 4089 oppositorum)
1015 4036 1131 4076 non
1155 4020 1490 4092 produceret
1516 4022 1867 4083 determina-

509 4116 535 4145 «
578 4099 701 4150 tum
740 4096 1020 4163 effectum,
1076 4102 1190 4157 nisi
1245 4101 1733 4161 determinaretur
1794 4106 1864 4163 ad

511 4202 535 4230 α
581 4180 760 4233 Deum
809 4195 907 4251 per
954 4184 1290 4254 appetitum,
1341 4190 1402 4240 ut
1463 4185 1672 4243 dicitur
1721 4188 1782 4243 in
1829 4190 1866 4243 9

507 4283 532 4309 «
572 4260 818 4333 Metaph.
890 4264 1259 4320 Manifestum
1324 4273 1514 4325 autem
1561 4274 1663 4336 est,
1714 4269 1864 4342 quod

507 4362 530 4393 «
575 4343 722 4397 Deus
750 4358 850 4414 per
890 4344 1244 4401 intellectum
1290 4363 1461 4403 suum
1508 4355 1700 4405 causat
1741 4367 1857 4419 res,

507 4444 529 4473 «
574 4439 701 4479 cum
724 4440 888 4479 suum
906 4439 1026 4480 esse
1047 4424 1120 4479 sit
1141 4442 1309 4482 suum
1328 4426 1671 4504 intelligere.
1699 4429 1865 4488 Unde

508 4524 533 4552 «
578 4518 803 4561 necesse
839 4511 939 4569 est,
984 4504 1132 4577 quod
1179 4524 1282 4563 sua
1316 4508 1554 4566 scientia
1580 4510 1654 4565 sit
1695 4527 1865 4567 causa

509 4604 534 4635 α
579 4586 1119 4650 rerum,secundum
1142 4588 1290 4660 quod
1319 4589 1489 4647 habet
1507 4592 1862 4650 voluntatem

511 4686 536 4716 α
578 4666 957 4740 conjunctam.
1019 4688 1042 4719 n
1098 4670 1166 4725 Et
1211 4670 1315 4727 hac
1359 4671 1583 4729 ratione
1635 4690 1864 4748 semper

502 4743 680 4814 docet,
728 4748 991 4805 notitiam
1046 4749 1372 4807 futurorum
1422 4752 1596 4808 inniti
1659 4753 1863 4813 divino

502 4824 747 4893 decreto,
780 4836 841 4884 ut
875 4832 932 4884 in
971 4831 1013 4895 1,
1046 4830 1173 4887 dist.
1220 4832 1309 4898 39,
1354 4841 1538 4910 quaest.
1583 4835 1628 4898 1,
1660 4844 1770 4893 art.
1793 4836 1857 4905 ‘1,

504 4906 759 4973 resolvit,
779 4907 926 4979 quod
950 4911 1069 4965 licet
1089 4928 1215 4976 esse,
1236 4919 1283 4967 et
1304 4914 1441 4968 scire
1461 4912 1566 4969 Dei
1585 4916 1697 4970 sint
1720 4916 1863 4972 idem

500 4987 793 5042 secundum
815 5006 946 5056 rem,
981 4998 1161 5047 tamen
1183 4995 1319 5049 scire
1344 4997 1589 5072 sequitur
1607 4996 1862 5052 volunta-

501 5073 624 5135 tem,
663 5076 724 5124 ut
751 5071 1074 5142 imperatum
1121 5074 1362 5146 abipsa.
1394 5076 1460 5130 Et
1485 5083 1599 5133 art.
1639 5077 1769 5134 2ad
1811 5080 1857 5145 1,

2005 613 2233 686 inquit:
2281 613 2475 686 Ipsum
2507 615 2647 670 scire
2693 614 2752 667 in
2800 612 2911 671 Deo
2957 619 3032 668 est
3071 611 3367 683 subjectum

2006 696 2245 752 libertati
2266 699 2591 753 voluntatis,
2613 698 2681 751 Et
2701 695 2918 770 pariter
2931 695 3093 752 docet
3122 709 3211 750 res
3237 694 3367 750 nul·

2006 779 2122 833 lam
2151 778 2361 836 habere
2385 778 2809 843 futuritionem,
2836 777 2951 834 nisi
2979 775 3366 849 dependenter

2005 876 2037 917 a
2059 861 2353 917 voluntate
2367 859 2570 917 divina
2593 860 2773 918 libere
2794 858 3137 916 decernente
3155 873 3223 915 ea
3240 873 3366 930 pro·

2004 940 2227 1006 ducere,
2243 943 2335 998 vel
2352 941 2685 1015 permittere
2706 939 2979 1007 absolute,
2994 940 3087 997 vel
3108 938 3214 994 sub
3234 954 3363 996 oon-

2003 1021 2240 1090 ditione,
2272 1029 2335 1078 ut
2368 1025 2386 1078 1
2414 1031 2569 1097 part.
2593 1030 2774 1097 quaest.
2809 1023 3021 1087 l4,art.
3054 1021 3108 1086 9,
3129 1024 3191 1075 in
3216 1038 3357 1094 resp.

2003 1106 2079 1160 ad
2102 1106 2155 1172 3,
2174 1104 2272 1162 ubi
2296 1106 2412 1163 ait:
2436 1128 2461 1160 α
2490 1105 2739 1162 Scientia
2763 1103 2860 1160 Dei
2876 1107 2960 1160 est
2974 1120 3141 1159 causa
3165 1119 3362 1160 rerum

2011 1210 2037 1240 α
2079 1185 2342 1262 adjuncta
2368 1188 2698 1252 voluntate;
2754 1184 2906 1243 unde
2963 1199 3081 1240 non
3119 1189 3361 1258 oportet,

2010 1292 2037 1323 α
2077 1269 2227 1343 quod
2277 1283 2644 1342 quaecumque
2694 1267 2797 1323 scit
2857 1268 3020 1330 DeuS,
3076 1265 3211 1331 sint,
3269 1266 3362 1322 vel

2011 1371 2036 1403 «
2077 1349 2313 1414 fuerint.
2340 1351 2431 1406 vel
2454 1348 2645 1406 futura
2664 1347 2810 1415 sint;
2832 1346 2930 1403 sed
2952 1347 3138 1403 solum
3159 1362 3226 1403 ea
3239 1362 3364 1419 quae

2010 1453 2036 1483 α
2082 1432 2207 1486 vult
2231 1431 2485 1498 esse,vel
2512 1429 2776 1504 permisit
2805 1443 2948 1485 esse.
2974 1448 2998 1478 »
3037 1429 3107 1481 Et
3159 1429 3178 1482 l
3205 1435 3357 1501 part.

2003 1519 2187 1590 quaest.
2220 1513 2302 1587 Ιβ,
2328 1517 2438 1567 art.
2463 1514 2519 1578 7,
2549 1510 2624 1567 ad
2644 1510 2698 1575 3,
2725 1509 2914 1583 inquit
2941 1530 2953 1563 :
2984 1530 3009 1562 α
3035 1506 3185 1564 Illud
3213 1506 3362 1580 quod

2009 1614 2033 1646 (ι
2080 1608 2233 1648 1111119
2269 1597 2372 1657 est,
2403 1607 2475 1648 ex
2511 1607 2579 1648 eo
2629 1590 2890 1646 futurum
2919 1589 3030 1645 fuit
3056 1596 3361 1659 antequam

2009 1695 2035 1725 α
2075 1677 2239 1737 esset,
2271 1672 2405 1744 quia
2447 1672 2510 1728 in
2554 1688 2658 1728 sua
2703 1687 2871 1728 causa
2896 1675 3039 1735 erat,
3071 1673 3134 1724 ut
3177 1666 3358 1724 fieret.

2009 1774 2046 1806 ιι·
2078 1751 2242 1808 Unde
2281 1751 2505 1808 sublata
2544 1768 2729 1815 causa,
2775 1767 2890 1808 non
2918 1754 3063 1814 esset
3102 1748 3363 1804 futurum

2009 1856 2034 1887 α
2076 1833 2223 1889 illud
2275 1832 2422 1890 fieri.
2455 1835 2586 1891 Sola
2614 1839 2805 1891 autem
2847 1833 3038 1907 prima
3067 1848 3237 1888 causa
3281 1834 3365 1886 est

2009 1936 2036 1968 c<
2076 1921 2307 1971 aeterna.
2337 1913 2501 1970 Unde
2532 1931 2605 1972 ex
2632 1914 2735 1971 hoc
2760 1931 2876 1971 non
2907 1912 3184 1986 sequitur,
3214 1909 3364 1984 quod

2009 2017 2035 2049 «
2075 2012 2143 2052 ea
2167 2011 2293 2068 quae
2313 2000 2465 2062 sunt,
2492 2011 2719 2068 semper
2741 1995 2915 2051 fuerit
2935 2009 3137 2050 verum
3160 2008 3226 2049 ea
3244 2008 3368 2049 esse

2008 2099 2035 2130 α
2065 2076 2276 2142 futura,
2323 2075 2433 2131 nisi
2457 2081 2734 2149 quatenus
2774 2077 2836 2132 in
2879 2092 3045 2132 causa
3070 2074 3370 2147 sempiter-

2009 2179 2035 2211 α
2066 2172 2141 2214 na
2192 2156 2318 2220 fuit,
2351 2160 2412 2211 ut
2462 2162 2651 2214 essent
2704 2157 2936 2222 suturas.
2984 2171 3110 2228 quae
3131 2154 3366 2228 quidem

2009 2262 2034 2292 «
2064 2254 2230 2294 causa
2280 2238 2435 2294 solus
2486 2241 2633 2295 Deus
2677 2246 2779 2295 est.
2816 2259 2840 2288 »
2900 2237 3114 2294 Eadem
3165 2238 3368 2309 repetit

2002 2328 2185 2397 quaest.
2217 2323 2271 2390 2,
2317 2321 2380 2375 de
2422 2319 2587 2376 Verit.
2618 2328 2727 2376 art.
2765 2323 2845 2385 12,
2871 2328 2919 2376 et
2966 2320 3058 2376 tib.
3098 2322 3140 2385 l,
3175 2326 3365 2374 contra

1997 2410 2196 2472 ¹(lentes,
2248 2420 2367 2475 cap.
2399 2403 2491 2467 68,
2523 2407 2579 2458 et
2618 2403 2757 2459 alibi
2803 2419 2968 2476 saepe.
3017 2404 3131 2459 Hoc
3171 2408 3364 2459 autem

2005 2484 2354 2556 principium
2415 2485 2581 2541 toties
2627 2502 2659 2542 a
2729 2488 2790 2541 D.
2831 2486 3033 2542 Thom.
3086 2490 3364 2542 assertum

2004 2563 2263 2620 funditus
2289 2566 2499 2621 evertit
2519 2565 2791 2622 traditam
2819 2566 3163 2622 solutionem
3188 2590 3202 2633 ;
3226 2582 3364 2623 nam

2003 2644 2051 2700 si
2082 2646 2227 2701 Deus
2266 2661 2382 2701 non
2429 2646 2678 2703 intendit
2722 2647 3020 2704 efficaciter
3049 2652 3202 2703 actus
3230 2662 3368 2703 nos-

2003 2730 2142 2792 1105,
2188 2727 2300 2783 11151
2348 2727 2737 2801 dependenter
2777 2744 2808 2784 a
2857 2729 3217 2801 praescientia
3263 2744 3363 2785 eo-

2005 2824 2135 2863 rum
2208 2815 2269 2865 ut
2319 2809 2704 2868 conditionate
2783 2812 3110 2867 futurorum
3140 2833 3152 2866 ε
3226 2826 3363 2886 ergo

2003 2892 2120 2947 t'am
2148 2906 2349 2947 eorum
2380 2892 2662 2956 futuritio,
2687 2909 2859 2965 quam
2890 2893 2986 2950 Dei
3007 2892 3362 2966 praescientia

2002 2976 2401 3043 supponuntur
2419 2971 2490 3028 ad
2519 2970 2761 3029 liberam
2783 2972 3326 3030 determinationem
3352 2994 3363 3028 ι

2002 3052 2159 3124 cujus
2178 3052 2500 3124 oppositum
2528 3052 2705 3108 tradit
2732 3058 2924 3126 aperte
2947 3056 3013 3108 D.
3042 3053 3246 3109 Thom.
3272 3052 3368 3108 di-

2001 3148 2148 3198 99115,
2180 3132 2479 3189 scientiam
2526 3134 2854 3190 futurorum
2902 3133 3078 3189 inniti
3110 3132 3363 3190 libertati

2003 3214 2318 3270 voluntatis
2371 3215 2490 3280 Dei,
2515 3221 2571 3272 et
2616 3216 2764 3272 nihil
2800 3232 2922 3272 esse
2956 3216 3219 3272 futurum
3248 3216 3363 3271 nisi

2004 3292 2081 3362 id,
2132 3293 2293 3366 quod·
2334 3296 2481 3351 Deus
2522 3296 2645 3351 vult
2689 3294 2837 3351 fieri.
2890 3295 3130 3360 Quando
3181 3295 3364 3369 igitur

2002 3376 2057 3430 S.
2085 3377 2284 3432 Doctor
2313 3376 2376 3431 in
2418 3376 2553 3432 10915
2580 3394 2731 3433 num.
2773 3379 2873 3433 138
2935 3377 3132 3433 relatis
3159 3376 3365 3433 asserit

2002 3455 2117 3511 Deo
2143 3454 2361 3528 aliquid
2406 3456 2730 3514 intendenti
2768 3458 3090 3512 humanum
3120 3471 3237 3513 non
3268 3470 3364 3512 re-

1999 3536 2201 3592 sistere
2230 3536 2559 3602 arbitrium,
2584 3542 2641 3594 et
2690 3537 3074 3595 intentionem
3096 3536 3360 3594 divinam

2001 3613 2241 3672 deficere
2288 3633 2403 3674 non
2471 3633 2648 3690 posse,
2699 3618 2946 3674 minime
2988 3618 3240 3691 loquitur
3292 3617 3363 3674 de

2001 3696 2322 3755 intentione
2364 3704 2720 3771 supponente
2783 3699 3220 3771 praescientiam,
3269 3700 3361 3754 vel

2000 3789 2310 3842 eventuum
2333 3780 2750 3844 futuritionem,
2781 3784 2841 3835 ut
2859 3779 3188 3836 Adversarii
3216 3795 3368 3835 com-

2000 3866 2424 3930 miniscuntur;
2478 3861 2571 3918 sed
2623 3862 2873 3934 loquitur
2917 3861 2986 3919 de
3047 3862 3367 3919 intentione

2000 3947 2258 4004 absoluta
2277 3961 2349 4002 ex
2378 3948 2535 4017 parte
2555 3941 2809 4016 subjecti,
2841 3959 2963 4015 quae
2984 3947 3040 3999 et
3065 3942 3364 3998 futuritio-

1999 4045 2134 4086 nem
2185 4030 2411 4101 praestat
2435 4025 2668 4099 obJ'ecto,
2700 4029 2756 4080 et
2791 4024 3204 4096 praescientiam
3240 4025 3363 4097 ejus

2000 4108 2221 4175 fundat,
2289 4113 2345 4165 et
2400 4105 2491 4162 cui
2545 4103 2934 4162 infallibiliter
2988 4105 3362 4177 praeintentus

1997 4189 2225 4245 effectus
2250 4185 2515 4243 succedit.

2082 4272 2210 4326 144.
2247 4274 2479 4341 Quarto,
2529 4269 2833 4343 Angelicus
2876 4267 3196 4339 Praeceptor
3225 4283 3361 4339 per·
3377 4273 3563 4316 Alterum

1999 4356 2166 4425 petuo
2205 4349 2401 4416 tradit,
2448 4352 2625 4406 Deum
2654 4346 3089 4421 praediffiniisse,
3115 4353 3173 4404 et
3215 4323 3579 4420 prae-affiffi‘fffi,

1997 4432 2412 4489 determinasse
2456 4447 2657 4489 omnes
2711 4434 2934 4487 nostras
2978 4422 3585 4523 operationeS,‡{¹i}‘³g{³·

1974 4520 2116 4571 'tam
2150 4513 2334 4587 quoad
2362 4512 2761 4577 substantiam,
2801 4526 2973 4584 quam
3010 4510 3195 4582 quoad
3250 4521 3573 4573 mo-posaum.

1997 4593 2155 4650 dum.
2192 4593 2355 4651 Unde
2393 4595 2514 4650 loco
2542 4609 2716 4666 supra
2749 4591 2918 4649 citato
2961 4590 3035 4645 ad
3059 4590 3365 4648 Annibald.

1997 4674 2216 4746 inquit:
2246 4695 2271 4726 α
2303 4675 2610 4731 voluntate
2655 4672 2757 4730 Dei
2811 4687 2929 4729 non
2953 4671 3140 4728 solum
3183 4687 3272 4728 res
3304 4671 3371 4729 in

2003 4777 2030 4807 t(
2058 4771 2177 4811 esse
2206 4753 2615 4828 producuntur,
2647 4753 2745 4810 sed
2784 4753 2961 4809 etiam
3017 4751 3184 4808 rebus
3231 4768 3369 4825 pro-

2003 4857 2028 4888 «
2058 4834 2330 4891 ducendis
2392 4833 2651 4901 modum,
2723 4849 2835 4908 quo
2888 4830 3366 4906 producerentur,

2003 4939 2029 4969 α
2054 4915 2604 4990 praedeterminavit.
2631 4936 2656 4967 a
2682 4916 2752 4970 Et
2796 4917 2814 4970 1
2846 4920 2995 4987 part.
3028 4920 3214 4990 quast.
3274 4915 3362 4982 16,

1994 5004 2106 5054 art.
2150 4999 2194 5064 1,
2228 5000 2288 5052 in
2307 5014 2451 5069 corp.
2484 4997 2564 5053 ait
2596 5017 2609 5052 ι
2646 5017 2672 5048 (ι
2704 4997 2785 5052 Ea
2810 5011 2934 5068 qum
2960 4995 3054 5051 hic
3083 5009 3184 5066 per
3225 4996 3368 5051 acci-

2002 5100 2026 5130 α
2055 5077 2196 5134 (19115
2224 5083 2489 5152 aguntur,
2525 5077 2649 5134 sive
2678 5077 2738 5133 in
2768 5076 2936 5133 rebus
2965 5075 3358 5145 naturalibus»,

3243 5173 3368 5214 sive
