<?xml version="1.0" encoding="UTF-8"?>
<!DOCTYPE html PUBLIC "-//W3C//DTD XHTML 1.0 Transitional//EN"
    "http://www.w3.org/TR/xhtml1/DTD/xhtml1-transitional.dtd">
<html xmlns="http://www.w3.org/1999/xhtml" xml:lang="en" lang="en">
 <head>
  <title>
</title>
<meta http-equiv="Content-Type" content="text/html;charset=utf-8" />
  <meta name='ocr-system' content='tesseract 3.04.00' />
  <meta name='ocr-capabilities' content='ocr_page ocr_carea ocr_par ocr_line ocrx_word'/>
</head>
<body>
  <div class='ocr_page' id='page_1' title='image "./collegiisalmant00carmgoog_0145.png"; bbox 0 0 3647 5753; ppageno 0'>
   <div class='ocr_carea' id='block_1_1' title="bbox 1366 393 3098 452">
    <p class='ocr_par' dir='ltr' id='par_1_1' title="bbox 1366 393 3098 452">
     <span class='ocr_line' id='line_1_1' title="bbox 1366 393 3098 452; baseline 0.002 -4"><span class='ocrx_word' id='word_1_1' title='bbox 1366 394 1540 450; x_wconf 86' lang='lat' dir='ltr'>DISP.</span> <span class='ocrx_word' id='word_1_2' title='bbox 1586 393 1704 450; x_wconf 91' lang='lat' dir='ltr'>VII.</span> <span class='ocrx_word' id='word_1_3' title='bbox 1749 395 1913 450; x_wconf 91' lang='lat' dir='ltr'>DUB.</span> <span class='ocrx_word' id='word_1_4' title='bbox 1956 396 2051 451; x_wconf 79' lang='lat' dir='ltr'>lv,</span> <span class='ocrx_word' id='word_1_5' title='bbox 2996 397 3098 452; x_wconf 74' lang='lat'>123</span> 
     </span>
    </p>
   </div>
   <div class='ocr_carea' id='block_1_2' title="bbox 52 564 1655 5070">
    <p class='ocr_par' dir='ltr' id='par_1_2' title="bbox 52 564 1655 5070">
     <span class='ocr_line' id='line_1_2' title="bbox 231 564 1595 638; baseline -0.001 -16"><span class='ocrx_word' id='word_1_6' title='bbox 231 569 354 622; x_wconf 87' lang='lat' dir='ltr'>lam</span> <span class='ocrx_word' id='word_1_7' title='bbox 384 565 604 623; x_wconf 88' lang='lat' dir='ltr'>dictans</span> <span class='ocrx_word' id='word_1_8' title='bbox 629 570 687 623; x_wconf 90' lang='lat' dir='ltr'>et</span> <span class='ocrx_word' id='word_1_9' title='bbox 712 565 1023 638; x_wconf 88' lang='lat' dir='ltr'>imperans.</span> <span class='ocrx_word' id='word_1_10' title='bbox 1055 564 1270 623; x_wconf 81' lang='lat' dir='ltr'>Deinde</span> <span class='ocrx_word' id='word_1_11' title='bbox 1309 564 1454 621; x_wconf 88' lang='lat' dir='ltr'>illud</span> <span class='ocrx_word' id='word_1_12' title='bbox 1499 565 1595 638; x_wconf 80' lang='lat' dir='ltr'>ju-</span> 
     </span>
     <span class='ocr_line' id='line_1_3' title="bbox 229 644 1599 717; baseline -0.001 -14"><span class='ocrx_word' id='word_1_13' title='bbox 229 647 453 703; x_wconf 85' lang='lat' dir='ltr'>dicium</span> <span class='ocrx_word' id='word_1_14' title='bbox 483 662 598 703; x_wconf 89' lang='lat' dir='ltr'>non</span> <span class='ocrx_word' id='word_1_15' title='bbox 626 648 807 703; x_wconf 88' lang='lat' dir='ltr'>oritur</span> <span class='ocrx_word' id='word_1_16' title='bbox 834 661 905 702; x_wconf 89' lang='lat' dir='ltr'>ex</span> <span class='ocrx_word' id='word_1_17' title='bbox 933 644 1116 702; x_wconf 90' lang='lat' dir='ltr'>libera</span> <span class='ocrx_word' id='word_1_18' title='bbox 1146 647 1455 703; x_wconf 84' lang='lat' dir='ltr'>voluntatis</span> <span class='ocrx_word' id='word_1_19' title='bbox 1495 662 1599 717; x_wconf 88' lang='lat' dir='ltr'>ap-</span> 
     </span>
     <span class='ocr_line' id='line_1_4' title="bbox 233 726 1601 802; baseline -0.001 -17"><span class='ocrx_word' id='word_1_20' title='bbox 233 729 563 802; x_wconf 87' lang='lat' dir='ltr'>plicatione,</span> <span class='ocrx_word' id='word_1_21' title='bbox 579 726 801 801; x_wconf 86' lang='lat' dir='ltr'>eoquod</span> <span class='ocrx_word' id='word_1_22' title='bbox 819 729 1082 784; x_wconf 86' lang='lat' dir='ltr'>voluntas</span> <span class='ocrx_word' id='word_1_23' title='bbox 1099 729 1293 800; x_wconf 86' lang='lat' dir='ltr'>nequit</span> <span class='ocrx_word' id='word_1_24' title='bbox 1312 730 1601 802; x_wconf 79' lang='lat' dir='ltr'>applicare</span> 
     </span>
     <span class='ocr_line' id='line_1_5' title="bbox 232 808 1601 883; baseline -0.003 -14"><span class='ocrx_word' id='word_1_25' title='bbox 232 813 591 870; x_wconf 88' lang='lat' dir='ltr'>intellectum</span> <span class='ocrx_word' id='word_1_26' title='bbox 622 811 732 866; x_wconf 90' lang='lat' dir='ltr'>nisi</span> <span class='ocrx_word' id='word_1_27' title='bbox 764 809 1038 883; x_wconf 64' lang='lat' dir='ltr'>praecedat</span> <span class='ocrx_word' id='word_1_28' title='bbox 1058 808 1341 882; x_wconf 87' lang='lat' dir='ltr'>judicium</span> <span class='ocrx_word' id='word_1_29' title='bbox 1382 810 1601 866; x_wconf 87' lang='lat' dir='ltr'>dictans</span> 
     </span>
     <span class='ocr_line' id='line_1_6' title="bbox 232 890 1602 967; baseline -0.002 -16"><span class='ocrx_word' id='word_1_30' title='bbox 232 896 421 967; x_wconf 83' lang='lat' dir='ltr'>ipsam</span> <span class='ocrx_word' id='word_1_31' title='bbox 450 892 906 966; x_wconf 85' lang='lat' dir='ltr'>applicationem,</span> <span class='ocrx_word' id='word_1_32' title='bbox 931 890 1004 948; x_wconf 89' lang='lat' dir='ltr'>ob</span> <span class='ocrx_word' id='word_1_33' title='bbox 1033 892 1315 949; x_wconf 87' lang='lat' dir='ltr'>rationem</span> <span class='ocrx_word' id='word_1_34' title='bbox 1341 893 1602 965; x_wconf 83' lang='lat' dir='ltr'>proxime</span> 
     </span>
     <span class='ocr_line' id='line_1_7' title="bbox 231 972 1603 1046; baseline -0.002 -14"><span class='ocrx_word' id='word_1_35' title='bbox 231 978 446 1032; x_wconf 77' lang='lat' dir='ltr'>tactam</span> <span class='ocrx_word' id='word_1_36' title='bbox 469 999 482 1040; x_wconf 87' lang='lat'>;</span> <span class='ocrx_word' id='word_1_37' title='bbox 507 981 673 1046; x_wconf 89' lang='lat' dir='ltr'>atque</span> <span class='ocrx_word' id='word_1_38' title='bbox 694 974 821 1031; x_wconf 91' lang='lat' dir='ltr'>ideo</span> <span class='ocrx_word' id='word_1_39' title='bbox 835 974 925 1030; x_wconf 87' lang='lat' dir='ltr'>vel</span> <span class='ocrx_word' id='word_1_40' title='bbox 957 972 1374 1045; x_wconf 87' lang='lat' dir='ltr'>procedendum</span> <span class='ocrx_word' id='word_1_41' title='bbox 1389 979 1485 1030; x_wconf 86' lang='lat' dir='ltr'>est</span> <span class='ocrx_word' id='word_1_42' title='bbox 1505 991 1603 1030; x_wconf 88' lang='lat' dir='ltr'>us-</span> 
     </span>
     <span class='ocr_line' id='line_1_8' title="bbox 229 1052 1603 1129; baseline 0 -18"><span class='ocrx_word' id='word_1_43' title='bbox 229 1057 431 1129; x_wconf 88' lang='lat' dir='ltr'>quein</span> <span class='ocrx_word' id='word_1_44' title='bbox 479 1054 774 1110; x_wconf 89' lang='lat' dir='ltr'>infinitum</span> <span class='ocrx_word' id='word_1_45' title='bbox 802 1052 1240 1126; x_wconf 87' lang='lat' dir='ltr'>multiplicando</span> <span class='ocrx_word' id='word_1_46' title='bbox 1267 1054 1603 1127; x_wconf 88' lang='lat' dir='ltr'>applicatio-</span> 
     </span>
     <span class='ocr_line' id='line_1_9' title="bbox 232 1131 1604 1207; baseline -0.004 -15"><span class='ocrx_word' id='word_1_47' title='bbox 232 1152 358 1199; x_wconf 88' lang='lat' dir='ltr'>nes,</span> <span class='ocrx_word' id='word_1_48' title='bbox 415 1139 472 1191; x_wconf 88' lang='lat' dir='ltr'>et</span> <span class='ocrx_word' id='word_1_49' title='bbox 511 1133 742 1207; x_wconf 85' lang='lat' dir='ltr'>judicia,</span> <span class='ocrx_word' id='word_1_50' title='bbox 786 1131 934 1205; x_wconf 90' lang='lat' dir='ltr'>quod</span> <span class='ocrx_word' id='word_1_51' title='bbox 981 1138 1065 1189; x_wconf 86' lang='lat' dir='ltr'>est</span> <span class='ocrx_word' id='word_1_52' title='bbox 1111 1132 1463 1200; x_wconf 89' lang='lat' dir='ltr'>absurdum;</span> <span class='ocrx_word' id='word_1_53' title='bbox 1511 1132 1604 1191; x_wconf 89' lang='lat' dir='ltr'>vel</span> 
     </span>
     <span class='ocr_line' id='line_1_10' title="bbox 229 1213 1606 1289; baseline -0.002 -16"><span class='ocrx_word' id='word_1_54' title='bbox 229 1215 552 1273; x_wconf 85' lang='lat' dir='ltr'>sistendum</span> <span class='ocrx_word' id='word_1_55' title='bbox 569 1221 652 1272; x_wconf 88' lang='lat' dir='ltr'>est</span> <span class='ocrx_word' id='word_1_56' title='bbox 680 1216 743 1271; x_wconf 91' lang='lat' dir='ltr'>in</span> <span class='ocrx_word' id='word_1_57' title='bbox 761 1214 951 1286; x_wconf 86' lang='lat' dir='ltr'>aliquo</span> <span class='ocrx_word' id='word_1_58' title='bbox 966 1213 1200 1289; x_wconf 81' lang='lat' dir='ltr'>judicio,</span> <span class='ocrx_word' id='word_1_59' title='bbox 1231 1213 1382 1288; x_wconf 87' lang='lat' dir='ltr'>quod</span> <span class='ocrx_word' id='word_1_60' title='bbox 1397 1215 1475 1271; x_wconf 90' lang='lat' dir='ltr'>ita</span> <span class='ocrx_word' id='word_1_61' title='bbox 1499 1214 1606 1270; x_wconf 92' lang='lat' dir='ltr'>im-</span> 
     </span>
     <span class='ocr_line' id='line_1_11' title="bbox 231 1293 1606 1369; baseline -0.002 -17"><span class='ocrx_word' id='word_1_62' title='bbox 231 1303 399 1369; x_wconf 85' lang='lat' dir='ltr'>perat</span> <span class='ocrx_word' id='word_1_63' title='bbox 424 1297 672 1368; x_wconf 85' lang='lat' dir='ltr'>primam</span> <span class='ocrx_word' id='word_1_64' title='bbox 721 1295 1057 1351; x_wconf 90' lang='lat' dir='ltr'>volitionem</span> <span class='ocrx_word' id='word_1_65' title='bbox 1105 1293 1372 1359; x_wconf 72' lang='lat' dir='ltr'>liberam,</span> <span class='ocrx_word' id='word_1_66' title='bbox 1429 1299 1492 1349; x_wconf 90' lang='lat' dir='ltr'>ut</span> <span class='ocrx_word' id='word_1_67' title='bbox 1543 1294 1606 1350; x_wconf 91' lang='lat' dir='ltr'>in</span> 
     </span>
     <span class='ocr_line' id='line_1_12' title="bbox 230 1373 1606 1449; baseline -0.001 -16"><span class='ocrx_word' id='word_1_68' title='bbox 230 1393 338 1434; x_wconf 89' lang='lat' dir='ltr'>suo</span> <span class='ocrx_word' id='word_1_69' title='bbox 357 1392 499 1441; x_wconf 86' lang='lat' dir='ltr'>esse,</span> <span class='ocrx_word' id='word_1_70' title='bbox 524 1375 735 1449; x_wconf 85' lang='lat' dir='ltr'>egredi.</span> <span class='ocrx_word' id='word_1_71' title='bbox 752 1380 809 1432; x_wconf 90' lang='lat' dir='ltr'>et</span> <span class='ocrx_word' id='word_1_72' title='bbox 826 1374 958 1431; x_wconf 90' lang='lat' dir='ltr'>elici</span> <span class='ocrx_word' id='word_1_73' title='bbox 980 1390 1096 1430; x_wconf 89' lang='lat' dir='ltr'>non</span> <span class='ocrx_word' id='word_1_74' title='bbox 1117 1373 1480 1447; x_wconf 87' lang='lat' dir='ltr'>dependeata</span> <span class='ocrx_word' id='word_1_75' title='bbox 1501 1391 1606 1432; x_wconf 88' lang='lat' dir='ltr'>vo-</span> 
     </span>
     <span class='ocr_line' id='line_1_13' title="bbox 234 1454 1609 1528; baseline -0.003 -14"><span class='ocrx_word' id='word_1_76' title='bbox 234 1460 481 1523; x_wconf 88' lang='lat' dir='ltr'>luntate,</span> <span class='ocrx_word' id='word_1_77' title='bbox 503 1457 600 1513; x_wconf 84' lang='lat' dir='ltr'>sed</span> <span class='ocrx_word' id='word_1_78' title='bbox 615 1457 688 1511; x_wconf 90' lang='lat' dir='ltr'>sit</span> <span class='ocrx_word' id='word_1_79' title='bbox 709 1455 1031 1528; x_wconf 80' lang='lat' dir='ltr'>specialiter</span> <span class='ocrx_word' id='word_1_80' title='bbox 1052 1454 1123 1510; x_wconf 90' lang='lat' dir='ltr'>ab</span> <span class='ocrx_word' id='word_1_81' title='bbox 1150 1456 1404 1513; x_wconf 87' lang='lat' dir='ltr'>Authore</span> <span class='ocrx_word' id='word_1_82' title='bbox 1434 1461 1609 1511; x_wconf 89' lang='lat' dir='ltr'>natu-</span> 
     </span>
     <span class='ocr_line' id='line_1_14' title="bbox 52 1529 1603 1620; baseline -0.005 -25"><span class='ocrx_word' id='word_1_83' title='bbox 52 1529 202 1620; x_wconf 46' lang='grc' dir='ltr'>’ᾖζξῗ</span> <span class='ocrx_word' id='word_1_84' title='bbox 232 1554 333 1602; x_wconf 75' lang='lat' dir='ltr'>rae,</span> <span class='ocrx_word' id='word_1_85' title='bbox 366 1536 609 1592; x_wconf 90' lang='lat' dir='ltr'>utdocet</span> <span class='ocrx_word' id='word_1_86' title='bbox 652 1537 715 1589; x_wconf 91' lang='lat' dir='ltr'>D.</span> <span class='ocrx_word' id='word_1_87' title='bbox 759 1533 964 1591; x_wconf 90' lang='lat' dir='ltr'>Thom.</span> <span class='ocrx_word' id='word_1_88' title='bbox 1014 1534 1064 1599; x_wconf 92' lang='lat' dir='ltr'>l,</span> <span class='ocrx_word' id='word_1_89' title='bbox 1101 1541 1251 1608; x_wconf 82' lang='lat' dir='ltr'>part.</span> <span class='ocrx_word' id='word_1_90' title='bbox 1287 1540 1467 1611; x_wconf 59' lang='lat' dir='ltr'>quast.</span> <span class='ocrx_word' id='word_1_91' title='bbox 1511 1535 1603 1597; x_wconf 81' lang='lat'>84.</span> 
     </span>
     <span class='ocr_line' id='line_1_15' title="bbox 133 1612 1609 1691; baseline -0.003 -17"><span class='ocrx_word' id='word_1_92' title='bbox 133 1612 138 1619; x_wconf 76' lang='grc'><strong>’</strong></span> <span class='ocrx_word' id='word_1_93' title='bbox 230 1626 344 1674; x_wconf 74' lang='lat' dir='ltr'>art.</span> <span class='ocrx_word' id='word_1_94' title='bbox 376 1620 412 1672; x_wconf 87' lang='grc'>4</span> <span class='ocrx_word' id='word_1_95' title='bbox 439 1618 516 1672; x_wconf 78' lang='lat' dir='ltr'>acl</span> <span class='ocrx_word' id='word_1_96' title='bbox 535 1618 586 1683; x_wconf 90' lang='lat'>3,</span> <span class='ocrx_word' id='word_1_97' title='bbox 607 1624 656 1671; x_wconf 82' lang='lat' dir='ltr'>et</span> <span class='ocrx_word' id='word_1_98' title='bbox 687 1618 730 1681; x_wconf 92' lang='lat' dir='ltr'>l,</span> <span class='ocrx_word' id='word_1_99' title='bbox 754 1618 809 1681; x_wconf 78' lang='lat'>2,</span> <span class='ocrx_word' id='word_1_100' title='bbox 830 1620 1008 1691; x_wconf 66' lang='lat' dir='ltr'>qamt.</span> <span class='ocrx_word' id='word_1_101' title='bbox 1026 1615 1075 1680; x_wconf 88' lang='lat'>9,</span> <span class='ocrx_word' id='word_1_102' title='bbox 1099 1621 1210 1670; x_wconf 79' lang='lat' dir='ltr'>art.</span> <span class='ocrx_word' id='word_1_103' title='bbox 1231 1614 1287 1678; x_wconf 83' lang='lat'>4,</span> <span class='ocrx_word' id='word_1_104' title='bbox 1312 1618 1515 1670; x_wconf 84' lang='lat' dir='ltr'>etcum</span> <span class='ocrx_word' id='word_1_105' title='bbox 1542 1628 1609 1670; x_wconf 92' lang='lat' dir='ltr'>eo</span> 
     </span>
     <span class='ocr_line' id='line_1_16' title="bbox 233 1691 1608 1773; baseline -0.005 -19"><span class='ocrx_word' id='word_1_106' title='bbox 233 1701 453 1773; x_wconf 80' lang='lat' dir='ltr'>plureS,</span> <span class='ocrx_word' id='word_1_107' title='bbox 480 1702 535 1752; x_wconf 90' lang='lat' dir='ltr'>et</span> <span class='ocrx_word' id='word_1_108' title='bbox 586 1695 915 1769; x_wconf 82' lang='lat' dir='ltr'>gravissimi</span> <span class='ocrx_word' id='word_1_109' title='bbox 943 1693 1234 1766; x_wconf 85' lang='lat' dir='ltr'>Theologi.</span> <span class='ocrx_word' id='word_1_110' title='bbox 1269 1695 1418 1767; x_wconf 87' lang='lat' dir='ltr'>Ergo</span> <span class='ocrx_word' id='word_1_111' title='bbox 1463 1691 1608 1748; x_wconf 89' lang='lat' dir='ltr'>illud</span> 
     </span>
     <span class='ocr_line' id='line_1_17' title="bbox 226 1773 1611 1852; baseline -0.004 -17"><span class='ocrx_word' id='word_1_112' title='bbox 226 1779 517 1852; x_wconf 83' lang='lat' dir='ltr'>judicium</span> <span class='ocrx_word' id='word_1_113' title='bbox 561 1792 676 1833; x_wconf 89' lang='lat' dir='ltr'>non</span> <span class='ocrx_word' id='word_1_114' title='bbox 703 1773 985 1847; x_wconf 78' lang='lat' dir='ltr'>dependet</span> <span class='ocrx_word' id='word_1_115' title='bbox 1025 1788 1058 1829; x_wconf 90' lang='lat' dir='ltr'>a</span> <span class='ocrx_word' id='word_1_116' title='bbox 1103 1775 1417 1838; x_wconf 86' lang='lat' dir='ltr'>voluntate,</span> <span class='ocrx_word' id='word_1_117' title='bbox 1446 1778 1611 1844; x_wconf 90' lang='lat' dir='ltr'>atque</span> 
     </span>
     <span class='ocr_line' id='line_1_18' title="bbox 228 1852 1612 1930; baseline -0.006 -11"><span class='ocrx_word' id='word_1_118' title='bbox 228 1861 362 1918; x_wconf 83' lang='lat' dir='ltr'>ideo</span> <span class='ocrx_word' id='word_1_119' title='bbox 421 1858 620 1930; x_wconf 89' lang='lat' dir='ltr'>nequit</span> <span class='ocrx_word' id='word_1_120' title='bbox 666 1872 765 1929; x_wconf 90' lang='lat' dir='ltr'>per</span> <span class='ocrx_word' id='word_1_121' title='bbox 810 1855 975 1911; x_wconf 88' lang='lat' dir='ltr'>illam</span> <span class='ocrx_word' id='word_1_122' title='bbox 1017 1852 1310 1927; x_wconf 77' lang='lat' dir='ltr'>impediri,</span> <span class='ocrx_word' id='word_1_123' title='bbox 1358 1852 1612 1926; x_wconf 87' lang='lat' dir='ltr'>Denique</span> 
     </span>
     <span class='ocr_line' id='line_1_19' title="bbox 226 1934 1613 2010; baseline -0.005 -13"><span class='ocrx_word' id='word_1_124' title='bbox 226 1943 507 1999; x_wconf 78' lang='lat' dir='ltr'>voluntas</span> <span class='ocrx_word' id='word_1_125' title='bbox 529 1938 723 2009; x_wconf 88' lang='lat' dir='ltr'>nequit</span> <span class='ocrx_word' id='word_1_126' title='bbox 750 1952 880 1992; x_wconf 89' lang='lat' dir='ltr'>cum</span> <span class='ocrx_word' id='word_1_127' title='bbox 906 1952 974 1992; x_wconf 91' lang='lat' dir='ltr'>eo</span> <span class='ocrx_word' id='word_1_128' title='bbox 1013 1934 1228 2010; x_wconf 88' lang='lat' dir='ltr'>judicio</span> <span class='ocrx_word' id='word_1_129' title='bbox 1269 1949 1613 2007; x_wconf 86' lang='lat' dir='ltr'>componere</span> 
     </span>
     <span class='ocr_line' id='line_1_20' title="bbox 222 2014 1613 2096; baseline -0.007 -16"><span class='ocrx_word' id='word_1_130' title='bbox 222 2021 562 2096; x_wconf 85' lang='lat' dir='ltr'>oppositum</span> <span class='ocrx_word' id='word_1_131' title='bbox 584 2020 722 2092; x_wconf 74' lang='lat' dir='ltr'>ejuS,</span> <span class='ocrx_word' id='word_1_132' title='bbox 754 2015 902 2090; x_wconf 90' lang='lat' dir='ltr'>quod</span> <span class='ocrx_word' id='word_1_133' title='bbox 925 2014 1182 2089; x_wconf 92' lang='lat' dir='ltr'>perillud</span> <span class='ocrx_word' id='word_1_134' title='bbox 1204 2014 1468 2080; x_wconf 86' lang='lat' dir='ltr'>dictatur,</span> <span class='ocrx_word' id='word_1_135' title='bbox 1496 2015 1613 2070; x_wconf 90' lang='lat' dir='ltr'>nisi</span> 
     </span>
     <span class='ocr_line' id='line_1_21' title="bbox 229 2096 1615 2176; baseline -0.006 -16"><span class='ocrx_word' id='word_1_136' title='bbox 229 2107 718 2176; x_wconf 79' lang='lat' dir='ltr'>praesupponatur</span> <span class='ocrx_word' id='word_1_137' title='bbox 765 2096 922 2154; x_wconf 90' lang='lat' dir='ltr'>aliud</span> <span class='ocrx_word' id='word_1_138' title='bbox 952 2097 1234 2171; x_wconf 88' lang='lat' dir='ltr'>judicium</span> <span class='ocrx_word' id='word_1_139' title='bbox 1275 2096 1513 2161; x_wconf 74' lang='lat' dir='ltr'>dictanS,</span> <span class='ocrx_word' id='word_1_140' title='bbox 1558 2101 1615 2153; x_wconf 88' lang='lat' dir='ltr'>et</span> 
     </span>
     <span class='ocr_line' id='line_1_22' title="bbox 229 2180 1615 2259; baseline -0.006 -16"><span class='ocrx_word' id='word_1_141' title='bbox 229 2187 539 2259; x_wconf 82' lang='lat' dir='ltr'>imperans</span> <span class='ocrx_word' id='word_1_142' title='bbox 567 2181 867 2245; x_wconf 85' lang='lat' dir='ltr'>voluntati,</span> <span class='ocrx_word' id='word_1_143' title='bbox 904 2185 962 2234; x_wconf 93' lang='lat' dir='ltr'>ut</span> <span class='ocrx_word' id='word_1_144' title='bbox 1005 2181 1332 2252; x_wconf 88' lang='lat' dir='ltr'>oppositum</span> <span class='ocrx_word' id='word_1_145' title='bbox 1361 2180 1615 2251; x_wconf 87' lang='lat' dir='ltr'>amplec-</span> 
     </span>
     <span class='ocr_line' id='line_1_23' title="bbox 225 2256 1614 2336; baseline -0.004 -16"><span class='ocrx_word' id='word_1_146' title='bbox 225 2274 390 2323; x_wconf 78' lang='lat' dir='ltr'>tatur</span> <span class='ocrx_word' id='word_1_147' title='bbox 420 2286 437 2320; x_wconf 75' lang='grc' dir='ltr'>ε</span> <span class='ocrx_word' id='word_1_148' title='bbox 462 2264 723 2336; x_wconf 88' lang='lat' dir='ltr'>implicat</span> <span class='ocrx_word' id='word_1_149' title='bbox 748 2261 907 2317; x_wconf 88' lang='lat' dir='ltr'>enim</span> <span class='ocrx_word' id='word_1_150' title='bbox 948 2260 1305 2316; x_wconf 83' lang='lat' dir='ltr'>voluntatem</span> <span class='ocrx_word' id='word_1_151' title='bbox 1346 2256 1614 2332; x_wconf 78' lang='lat' dir='ltr'>amplecti</span> 
     </span>
     <span class='ocr_line' id='line_1_24' title="bbox 225 2341 1617 2421; baseline -0.006 -15"><span class='ocrx_word' id='word_1_152' title='bbox 225 2346 485 2421; x_wconf 81' lang='lat' dir='ltr'>aliquid,</span> <span class='ocrx_word' id='word_1_153' title='bbox 508 2343 656 2419; x_wconf 91' lang='lat' dir='ltr'>quod</span> <span class='ocrx_word' id='word_1_154' title='bbox 685 2342 795 2398; x_wconf 90' lang='lat' dir='ltr'>sihi</span> <span class='ocrx_word' id='word_1_155' title='bbox 814 2358 928 2398; x_wconf 93' lang='lat' dir='ltr'>non</span> <span class='ocrx_word' id='word_1_156' title='bbox 958 2341 1299 2414; x_wconf 82' lang='lat' dir='ltr'>proponitur</span> <span class='ocrx_word' id='word_1_157' title='bbox 1322 2345 1383 2397; x_wconf 91' lang='lat' dir='ltr'>ut</span> <span class='ocrx_word' id='word_1_158' title='bbox 1406 2355 1617 2397; x_wconf 76' lang='lat' dir='ltr'>conve-</span> 
     </span>
     <span class='ocr_line' id='line_1_25' title="bbox 229 2421 1618 2494; baseline -0.009 -8"><span class='ocrx_word' id='word_1_159' title='bbox 229 2430 408 2485; x_wconf 83' lang='lat' dir='ltr'>niens</span> <span class='ocrx_word' id='word_1_160' title='bbox 438 2450 453 2493; x_wconf 87' lang='lat'>;</span> <span class='ocrx_word' id='word_1_161' title='bbox 482 2425 581 2482; x_wconf 88' lang='lat' dir='ltr'>sed</span> <span class='ocrx_word' id='word_1_162' title='bbox 609 2423 735 2480; x_wconf 83' lang='lat' dir='ltr'>fieri</span> <span class='ocrx_word' id='word_1_163' title='bbox 779 2438 896 2479; x_wconf 92' lang='lat' dir='ltr'>non</span> <span class='ocrx_word' id='word_1_164' title='bbox 932 2426 1134 2494; x_wconf 87' lang='lat' dir='ltr'>potest,</span> <span class='ocrx_word' id='word_1_165' title='bbox 1182 2428 1244 2477; x_wconf 91' lang='lat' dir='ltr'>ut</span> <span class='ocrx_word' id='word_1_166' title='bbox 1285 2422 1460 2478; x_wconf 86' lang='lat' dir='ltr'>simul</span> <span class='ocrx_word' id='word_1_167' title='bbox 1501 2421 1618 2475; x_wconf 88' lang='lat' dir='ltr'>sint</span> 
     </span>
     <span class='ocr_line' id='line_1_26' title="bbox 226 2501 1619 2580; baseline -0.007 -15"><span class='ocrx_word' id='word_1_168' title='bbox 226 2510 349 2565; x_wconf 86' lang='lat' dir='ltr'>duo</span> <span class='ocrx_word' id='word_1_169' title='bbox 395 2506 640 2580; x_wconf 82' lang='lat' dir='ltr'>judicia,</span> <span class='ocrx_word' id='word_1_170' title='bbox 672 2519 916 2576; x_wconf 88' lang='lat' dir='ltr'>quorum</span> <span class='ocrx_word' id='word_1_171' title='bbox 945 2518 1125 2557; x_wconf 90' lang='lat' dir='ltr'>unum</span> <span class='ocrx_word' id='word_1_172' title='bbox 1180 2501 1349 2558; x_wconf 79' lang='lat' dir='ltr'>dictet</span> <span class='ocrx_word' id='word_1_173' title='bbox 1388 2502 1500 2568; x_wconf 86' lang='lat' dir='ltr'>hic,</span> <span class='ocrx_word' id='word_1_174' title='bbox 1563 2504 1619 2556; x_wconf 91' lang='lat' dir='ltr'>et</span> 
     </span>
     <span class='ocr_line' id='line_1_27' title="bbox 233 2582 1618 2659; baseline -0.007 -13"><span class='ocrx_word' id='word_1_175' title='bbox 233 2605 394 2646; x_wconf 88' lang='lat' dir='ltr'>nunc</span> <span class='ocrx_word' id='word_1_176' title='bbox 421 2582 880 2659; x_wconf 83' lang='lat' dir='ltr'>prosequendum</span> <span class='ocrx_word' id='word_1_177' title='bbox 927 2598 1050 2639; x_wconf 88' lang='lat' dir='ltr'>esse</span> <span class='ocrx_word' id='word_1_178' title='bbox 1094 2583 1437 2655; x_wconf 87' lang='lat' dir='ltr'>oppositum,</span> <span class='ocrx_word' id='word_1_179' title='bbox 1488 2596 1618 2638; x_wconf 87' lang='lat' dir='ltr'>eum</span> 
     </span>
     <span class='ocr_line' id='line_1_28' title="bbox 233 2662 1620 2741; baseline -0.005 -16"><span class='ocrx_word' id='word_1_180' title='bbox 233 2670 357 2725; x_wconf 77' lang='lat' dir='ltr'>haec</span> <span class='ocrx_word' id='word_1_181' title='bbox 379 2665 604 2741; x_wconf 88' lang='lat' dir='ltr'>judicia</span> <span class='ocrx_word' id='word_1_182' title='bbox 629 2667 990 2736; x_wconf 86' lang='lat' dir='ltr'>opponantur</span> <span class='ocrx_word' id='word_1_183' title='bbox 1017 2662 1347 2718; x_wconf 86' lang='lat' dir='ltr'>virtualiter</span> <span class='ocrx_word' id='word_1_184' title='bbox 1386 2668 1620 2718; x_wconf 85' lang='lat' dir='ltr'>contra·-</span> 
     </span>
     <span class='ocr_line' id='line_1_29' title="bbox 234 2741 1617 2815; baseline -0.005 -10"><span class='ocrx_word' id='word_1_185' title='bbox 234 2747 505 2807; x_wconf 84' lang='lat' dir='ltr'>dictorie‚</span> <span class='ocrx_word' id='word_1_186' title='bbox 536 2750 590 2800; x_wconf 88' lang='lat' dir='ltr'>et</span> <span class='ocrx_word' id='word_1_187' title='bbox 613 2749 813 2799; x_wconf 89' lang='lat' dir='ltr'>mutuo</span> <span class='ocrx_word' id='word_1_188' title='bbox 839 2758 899 2798; x_wconf 90' lang='lat' dir='ltr'>se</span> <span class='ocrx_word' id='word_1_189' title='bbox 923 2741 1224 2797; x_wconf 84' lang='lat' dir='ltr'>destruant</span> <span class='ocrx_word' id='word_1_190' title='bbox 1262 2762 1275 2797; x_wconf 73' lang='grc' dir='ltr'><strong><em>ε</em></strong></span> <span class='ocrx_word' id='word_1_191' title='bbox 1305 2757 1441 2815; x_wconf 85' lang='lat' dir='ltr'>ergo</span> <span class='ocrx_word' id='word_1_192' title='bbox 1491 2759 1617 2799; x_wconf 91' lang='lat' dir='ltr'>cum</span> 
     </span>
     <span class='ocr_line' id='line_1_30' title="bbox 236 2823 1623 2904; baseline -0.005 -16"><span class='ocrx_word' id='word_1_193' title='bbox 236 2829 460 2904; x_wconf 80' lang='lat' dir='ltr'>judicio</span> <span class='ocrx_word' id='word_1_194' title='bbox 487 2826 753 2891; x_wconf 81' lang='lat' dir='ltr'>dictante,</span> <span class='ocrx_word' id='word_1_195' title='bbox 784 2828 840 2880; x_wconf 88' lang='lat' dir='ltr'>et</span> <span class='ocrx_word' id='word_1_196' title='bbox 864 2823 1184 2896; x_wconf 86' lang='lat' dir='ltr'>imperante</span> <span class='ocrx_word' id='word_1_197' title='bbox 1219 2823 1470 2897; x_wconf 88' lang='lat' dir='ltr'>primam</span> <span class='ocrx_word' id='word_1_198' title='bbox 1517 2840 1623 2882; x_wconf 84' lang='lat' dir='ltr'>vo-</span> 
     </span>
     <span class='ocr_line' id='line_1_31' title="bbox 241 2904 1621 2977; baseline -0.004 -10"><span class='ocrx_word' id='word_1_199' title='bbox 241 2913 513 2968; x_wconf 91' lang='lat' dir='ltr'>litionem</span> <span class='ocrx_word' id='word_1_200' title='bbox 538 2906 783 2963; x_wconf 89' lang='lat' dir='ltr'>liberam</span> <span class='ocrx_word' id='word_1_201' title='bbox 796 2904 992 2976; x_wconf 88' lang='lat' dir='ltr'>nequit</span> <span class='ocrx_word' id='word_1_202' title='bbox 1005 2905 1272 2960; x_wconf 79' lang='lat' dir='ltr'>voluntas</span> <span class='ocrx_word' id='word_1_203' title='bbox 1299 2905 1621 2977; x_wconf 88' lang='lat' dir='ltr'>oppositum</span> 
     </span>
     <span class='ocr_line' id='line_1_32' title="bbox 237 2984 1622 3058; baseline -0.006 -8"><span class='ocrx_word' id='word_1_204' title='bbox 237 2990 588 3050; x_wconf 83' lang='lat' dir='ltr'>exercitium</span> <span class='ocrx_word' id='word_1_205' title='bbox 618 2998 981 3056; x_wconf 89' lang='lat' dir='ltr'>componere.</span> <span class='ocrx_word' id='word_1_206' title='bbox 1008 2984 1202 3040; x_wconf 83' lang='lat' dir='ltr'>Minor</span> <span class='ocrx_word' id='word_1_207' title='bbox 1225 2989 1414 3040; x_wconf 90' lang='lat' dir='ltr'>autem</span> <span class='ocrx_word' id='word_1_208' title='bbox 1447 2986 1622 3058; x_wconf 89' lang='lat' dir='ltr'>primi</span> 
     </span>
     <span class='ocr_line' id='line_1_33' title="bbox 238 3064 1625 3148; baseline -0.005 -19"><span class='ocrx_word' id='word_1_209' title='bbox 238 3068 571 3148; x_wconf 82' lang='lat' dir='ltr'>syllogismi</span> <span class='ocrx_word' id='word_1_210' title='bbox 597 3070 767 3139; x_wconf 87' lang='lat' dir='ltr'>patet,</span> <span class='ocrx_word' id='word_1_211' title='bbox 811 3064 946 3138; x_wconf 88' lang='lat' dir='ltr'>quia</span> <span class='ocrx_word' id='word_1_212' title='bbox 986 3070 1046 3120; x_wconf 90' lang='lat' dir='ltr'>ut</span> <span class='ocrx_word' id='word_1_213' title='bbox 1071 3064 1434 3138; x_wconf 85' lang='lat' dir='ltr'>supponitur,</span> <span class='ocrx_word' id='word_1_214' title='bbox 1460 3071 1515 3122; x_wconf 90' lang='lat' dir='ltr'>et</span> <span class='ocrx_word' id='word_1_215' title='bbox 1554 3083 1625 3122; x_wconf 88' lang='lat' dir='ltr'>ex</span> 
     </span>
     <span class='ocr_line' id='line_1_34' title="bbox 246 3144 1626 3226; baseline -0.005 -15"><span class='ocrx_word' id='word_1_216' title='bbox 246 3168 434 3226; x_wconf 86' lang='lat' dir='ltr'>nuper</span> <span class='ocrx_word' id='word_1_217' title='bbox 464 3149 630 3205; x_wconf 90' lang='lat' dir='ltr'>dictis</span> <span class='ocrx_word' id='word_1_218' title='bbox 656 3150 898 3210; x_wconf 87' lang='lat' dir='ltr'>constat,</span> <span class='ocrx_word' id='word_1_219' title='bbox 926 3144 995 3201; x_wconf 91' lang='lat' dir='ltr'>ad</span> <span class='ocrx_word' id='word_1_220' title='bbox 1015 3144 1292 3218; x_wconf 82' lang='lat' dir='ltr'>judicium</span> <span class='ocrx_word' id='word_1_221' title='bbox 1344 3146 1486 3202; x_wconf 89' lang='lat' dir='ltr'>illud</span> <span class='ocrx_word' id='word_1_222' title='bbox 1533 3164 1626 3204; x_wconf 91' lang='lat' dir='ltr'>se-</span> 
     </span>
     <span class='ocr_line' id='line_1_35' title="bbox 248 3225 1627 3307; baseline -0.004 -17"><span class='ocrx_word' id='word_1_223' title='bbox 248 3236 450 3307; x_wconf 87' lang='lat' dir='ltr'>qnitur</span> <span class='ocrx_word' id='word_1_224' title='bbox 497 3228 686 3301; x_wconf 89' lang='lat' dir='ltr'>prima</span> <span class='ocrx_word' id='word_1_225' title='bbox 734 3225 935 3282; x_wconf 83' lang='lat' dir='ltr'>volitio</span> <span class='ocrx_word' id='word_1_226' title='bbox 980 3225 1166 3281; x_wconf 89' lang='lat' dir='ltr'>libera</span> <span class='ocrx_word' id='word_1_227' title='bbox 1198 3225 1336 3281; x_wconf 86' lang='lat' dir='ltr'>:sed</span> <span class='ocrx_word' id='word_1_228' title='bbox 1393 3226 1627 3284; x_wconf 87' lang='lat' dir='ltr'>libertas</span> 
     </span>
     <span class='ocr_line' id='line_1_36' title="bbox 253 3304 1629 3377; baseline -0.005 -7"><span class='ocrx_word' id='word_1_229' title='bbox 253 3331 368 3372; x_wconf 86' lang='lat' dir='ltr'>non</span> <span class='ocrx_word' id='word_1_230' title='bbox 395 3307 660 3368; x_wconf 85' lang='lat' dir='ltr'>consistit</span> <span class='ocrx_word' id='word_1_231' title='bbox 682 3304 890 3376; x_wconf 89' lang='lat' dir='ltr'>absque</span> <span class='ocrx_word' id='word_1_232' title='bbox 936 3309 1205 3377; x_wconf 85' lang='lat' dir='ltr'>potestate</span> <span class='ocrx_word' id='word_1_233' title='bbox 1250 3304 1318 3361; x_wconf 88' lang='lat' dir='ltr'>ad</span> <span class='ocrx_word' id='word_1_234' title='bbox 1352 3309 1629 3364; x_wconf 90' lang='lat' dir='ltr'>utrumli-</span> 
     </span>
     <span class='ocr_line' id='line_1_37' title="bbox 254 3384 1628 3464; baseline -0.007 -13"><span class='ocrx_word' id='word_1_235' title='bbox 254 3395 549 3464; x_wconf 76' lang='lat' dir='ltr'>betzergo</span> <span class='ocrx_word' id='word_1_236' title='bbox 577 3389 638 3443; x_wconf 91' lang='lat' dir='ltr'>in</span> <span class='ocrx_word' id='word_1_237' title='bbox 681 3384 880 3442; x_wconf 89' lang='lat' dir='ltr'>eodem</span> <span class='ocrx_word' id='word_1_238' title='bbox 921 3385 1181 3450; x_wconf 87' lang='lat' dir='ltr'>instanti,</span> <span class='ocrx_word' id='word_1_239' title='bbox 1210 3385 1271 3440; x_wconf 93' lang='lat' dir='ltr'>in</span> <span class='ocrx_word' id='word_1_240' title='bbox 1323 3401 1434 3457; x_wconf 90' lang='lat' dir='ltr'>quo</span> <span class='ocrx_word' id='word_1_241' title='bbox 1473 3388 1628 3444; x_wconf 88' lang='lat' dir='ltr'>adest</span> 
     </span>
     <span class='ocr_line' id='line_1_38' title="bbox 253 3464 1627 3545; baseline -0.005 -15"><span class='ocrx_word' id='word_1_242' title='bbox 253 3472 399 3530; x_wconf 82' lang='lat' dir='ltr'>illud</span> <span class='ocrx_word' id='word_1_243' title='bbox 423 3466 733 3545; x_wconf 83' lang='lat' dir='ltr'>judicium,</span> <span class='ocrx_word' id='word_1_244' title='bbox 766 3466 1032 3523; x_wconf 86' lang='lat' dir='ltr'>voluntas</span> <span class='ocrx_word' id='word_1_245' title='bbox 1077 3464 1248 3521; x_wconf 88' lang='lat' dir='ltr'>habet</span> <span class='ocrx_word' id='word_1_246' title='bbox 1297 3471 1627 3537; x_wconf 89' lang='lat' dir='ltr'>potestatem</span> 
     </span>
     <span class='ocr_line' id='line_1_39' title="bbox 256 3544 1622 3626; baseline -0.007 -15"><span class='ocrx_word' id='word_1_247' title='bbox 256 3555 324 3611; x_wconf 88' lang='lat' dir='ltr'>ad</span> <span class='ocrx_word' id='word_1_248' title='bbox 351 3550 701 3626; x_wconf 82' lang='lat' dir='ltr'>oppositum.</span> <span class='ocrx_word' id='word_1_249' title='bbox 723 3546 1040 3603; x_wconf 81' lang='lat' dir='ltr'>videantur</span> <span class='ocrx_word' id='word_1_250' title='bbox 1055 3561 1178 3618; x_wconf 82' lang='lat' dir='ltr'>quae</span> <span class='ocrx_word' id='word_1_251' title='bbox 1191 3544 1444 3602; x_wconf 87' lang='lat' dir='ltr'>diximus</span> <span class='ocrx_word' id='word_1_252' title='bbox 1464 3555 1622 3604; x_wconf 78' lang='lat' dir='ltr'>tract.</span> 
     </span>
     <span class='ocr_line' id='line_1_40' title="bbox 252 3627 1632 3705; baseline -0.005 -15"><span class='ocrx_word' id='word_1_253' title='bbox 252 3639 310 3703; x_wconf 84' lang='lat'>7,</span> <span class='ocrx_word' id='word_1_254' title='bbox 341 3635 483 3705; x_wconf 74' lang='lat' dir='ltr'>disp.</span> <span class='ocrx_word' id='word_1_255' title='bbox 541 3631 624 3694; x_wconf 89' lang='lat' dir='ltr'>ll,</span> <span class='ocrx_word' id='word_1_256' title='bbox 651 3628 776 3683; x_wconf 80' lang='lat' dir='ltr'>dub.</span> <span class='ocrx_word' id='word_1_257' title='bbox 824 3629 1002 3691; x_wconf 79' lang='lat' dir='ltr'>unico,</span> <span class='ocrx_word' id='word_1_258' title='bbox 1051 3643 1205 3681; x_wconf 73' lang='lat' dir='ltr'>ntem.</span> <span class='ocrx_word' id='word_1_259' title='bbox 1236 3627 1309 3680; x_wconf 79' lang='lat'>20</span> <span class='ocrx_word' id='word_1_260' title='bbox 1351 3633 1401 3681; x_wconf 79' lang='lat' dir='ltr'>et</span> <span class='ocrx_word' id='word_1_261' title='bbox 1442 3629 1534 3694; x_wconf 74' lang='lat'>23,</span> <span class='ocrx_word' id='word_1_262' title='bbox 1575 3633 1632 3686; x_wconf 86' lang='lat' dir='ltr'>et</span> 
     </span>
     <span class='ocr_line' id='line_1_41' title="bbox 263 3707 1632 3782; baseline -0.004 -11"><span class='ocrx_word' id='word_1_263' title='bbox 263 3723 427 3771; x_wconf 80' lang='lat' dir='ltr'>tract.</span> <span class='ocrx_word' id='word_1_264' title='bbox 463 3713 549 3777; x_wconf 89' lang='lat'>10,</span> <span class='ocrx_word' id='word_1_265' title='bbox 582 3712 723 3782; x_wconf 77' lang='lat' dir='ltr'>disp.</span> <span class='ocrx_word' id='word_1_266' title='bbox 755 3711 810 3773; x_wconf 82' lang='lat'>2,</span> <span class='ocrx_word' id='word_1_267' title='bbox 841 3708 968 3763; x_wconf 73' lang='lat' dir='ltr'>dub.</span> <span class='ocrx_word' id='word_1_268' title='bbox 1009 3709 1054 3775; x_wconf 85' lang='lat' dir='ltr'>l,</span> <span class='ocrx_word' id='word_1_269' title='bbox 1080 3724 1232 3763; x_wconf 80' lang='lat' dir='ltr'>num.</span> <span class='ocrx_word' id='word_1_270' title='bbox 1264 3707 1344 3773; x_wconf 86' lang='grc'>14,</span> <span class='ocrx_word' id='word_1_271' title='bbox 1368 3707 1465 3763; x_wconf 89' lang='lat' dir='ltr'>ubi</span> <span class='ocrx_word' id='word_1_272' title='bbox 1487 3710 1632 3766; x_wconf 83' lang='lat' dir='ltr'>hanc</span> 
     </span>
     <span class='ocr_line' id='line_1_42' title="bbox 262 3788 1632 3863; baseline -0.006 -9"><span class='ocrx_word' id='word_1_273' title='bbox 262 3797 585 3854; x_wconf 85' lang='lat' dir='ltr'>doctrinam</span> <span class='ocrx_word' id='word_1_274' title='bbox 633 3791 1019 3856; x_wconf 80' lang='lat' dir='ltr'>firmavimus,</span> <span class='ocrx_word' id='word_1_275' title='bbox 1048 3794 1105 3844; x_wconf 88' lang='lat' dir='ltr'>et</span> <span class='ocrx_word' id='word_1_276' title='bbox 1129 3788 1544 3863; x_wconf 88' lang='lat' dir='ltr'>objectionibus</span> <span class='ocrx_word' id='word_1_277' title='bbox 1570 3791 1632 3846; x_wconf 92' lang='lat' dir='ltr'>in</span> 
     </span>
     <span class='ocr_line' id='line_1_43' title="bbox 265 3873 1023 3937; baseline -0.012 -1"><span class='ocrx_word' id='word_1_278' title='bbox 265 3878 622 3937; x_wconf 86' lang='lat' dir='ltr'>contrarium</span> <span class='ocrx_word' id='word_1_279' title='bbox 650 3873 1023 3930; x_wconf 66' lang='lat' dir='ltr'>occurrimus</span> 
     </span>
     <span class='ocr_line' id='line_1_44' title="bbox 101 3949 1636 4027; baseline -0.007 -10"><span class='ocrx_word' id='word_1_280' title='bbox 101 3979 234 4023; x_wconf 66' lang='lat' dir='ltr'>Qum</span> <span class='ocrx_word' id='word_1_281' title='bbox 348 3959 469 4014; x_wconf 83' lang='grc'><strong>184.</strong></span> <span class='ocrx_word' id='word_1_282' title='bbox 516 3954 728 4027; x_wconf 78' lang='lat' dir='ltr'>Quarto</span> <span class='ocrx_word' id='word_1_283' title='bbox 745 3950 1016 4008; x_wconf 87' lang='lat' dir='ltr'>suadetur</span> <span class='ocrx_word' id='word_1_284' title='bbox 1034 3949 1232 4007; x_wconf 88' lang='lat' dir='ltr'>eadem</span> <span class='ocrx_word' id='word_1_285' title='bbox 1261 3951 1474 4015; x_wconf 90' lang='lat' dir='ltr'>minor,</span> <span class='ocrx_word' id='word_1_286' title='bbox 1502 3952 1636 4022; x_wconf 88' lang='lat' dir='ltr'>quia</span> 
     </span>
     <span class='ocr_line' id='line_1_45' title="bbox 81 4026 1638 4116; baseline -0.004 -22"><span class='ocrx_word' id='word_1_287' title='bbox 81 4026 560 4116; x_wconf 56' lang='lat' dir='ltr'>Effi&#39;gisschristum</span> <span class='ocrx_word' id='word_1_288' title='bbox 609 4034 918 4091; x_wconf 90' lang='lat' dir='ltr'>Dominum</span> <span class='ocrx_word' id='word_1_289' title='bbox 969 4047 1091 4088; x_wconf 88' lang='lat' dir='ltr'>esse</span> <span class='ocrx_word' id='word_1_290' title='bbox 1136 4032 1480 4104; x_wconf 87' lang='lat' dir='ltr'>simpliciter</span> <span class='ocrx_word' id='word_1_291' title='bbox 1521 4033 1638 4088; x_wconf 86' lang='lat' dir='ltr'>im·-</span> 
     </span>
     <span class='ocr_line' id='line_1_46' title="bbox 89 4112 1640 4191; baseline -0.002 -19"><span class='ocrx_word' id='word_1_292' title='bbox 89 4117 608 4191; x_wconf 51' lang='lat' dir='ltr'>vt-zctm-peccabilem</span> <span class='ocrx_word' id='word_1_293' title='bbox 636 4158 649 4179; x_wconf 92' lang='lat'><strong>‚</strong></span> <span class='ocrx_word' id='word_1_294' title='bbox 696 4119 754 4168; x_wconf 89' lang='lat' dir='ltr'>et</span> <span class='ocrx_word' id='word_1_295' title='bbox 799 4112 971 4168; x_wconf 81' lang='lat' dir='ltr'>tuisse</span> <span class='ocrx_word' id='word_1_296' title='bbox 1017 4112 1315 4185; x_wconf 87' lang='lat' dir='ltr'>alligatum</span> <span class='ocrx_word' id='word_1_297' title='bbox 1365 4116 1640 4184; x_wconf 81' lang='lat' dir='ltr'>praecepto</span> 
     </span>
     <span class='ocr_line' id='line_1_47' title="bbox 109 4176 1635 4265; baseline -0.006 -10"><span class='ocrx_word' id='word_1_298' title='bbox 109 4176 237 4264; x_wconf 50' lang='lat' dir='ltr'>*iguis*</span> <span class='ocrx_word' id='word_1_299' title='bbox 273 4196 579 4259; x_wconf 83' lang='lat' dir='ltr'>moriendi,</span> <span class='ocrx_word' id='word_1_300' title='bbox 637 4194 879 4265; x_wconf 88' lang='lat' dir='ltr'>aliisque</span> <span class='ocrx_word' id='word_1_301' title='bbox 909 4191 1207 4264; x_wconf 68' lang='lat' dir='ltr'>praeceptis</span> <span class='ocrx_word' id='word_1_302' title='bbox 1254 4191 1635 4255; x_wconf 87' lang='lat' dir='ltr'>naturalibus,</span> 
     </span>
     <span class='ocr_line' id='line_1_48' title="bbox 271 4271 1640 4352; baseline -0.007 -16"><span class='ocrx_word' id='word_1_303' title='bbox 271 4286 390 4336; x_wconf 88' lang='lat' dir='ltr'>erat</span> <span class='ocrx_word' id='word_1_304' title='bbox 417 4277 676 4352; x_wconf 62' lang='lat' dir='ltr'>quasdam</span> <span class='ocrx_word' id='word_1_305' title='bbox 705 4273 1019 4347; x_wconf 88' lang='lat' dir='ltr'>suppositio</span> <span class='ocrx_word' id='word_1_306' title='bbox 1061 4271 1415 4339; x_wconf 87' lang='lat' dir='ltr'>antecedens,</span> <span class='ocrx_word' id='word_1_307' title='bbox 1466 4287 1640 4344; x_wconf 85' lang='lat' dir='ltr'>quam</span> 
     </span>
     <span class='ocr_line' id='line_1_49' title="bbox 277 4350 1643 4432; baseline -0.007 -16"><span class='ocrx_word' id='word_1_308' title='bbox 277 4377 374 4416; x_wconf 87' lang='lat' dir='ltr'>nec</span> <span class='ocrx_word' id='word_1_309' title='bbox 402 4361 623 4432; x_wconf 90' lang='lat' dir='ltr'>poterat</span> <span class='ocrx_word' id='word_1_310' title='bbox 652 4355 899 4415; x_wconf 75' lang='lat' dir='ltr'>auferre.</span> <span class='ocrx_word' id='word_1_311' title='bbox 933 4368 1036 4408; x_wconf 90' lang='lat' dir='ltr'>nec</span> <span class='ocrx_word' id='word_1_312' title='bbox 1082 4368 1210 4408; x_wconf 87' lang='lat' dir='ltr'>cum</span> <span class='ocrx_word' id='word_1_313' title='bbox 1240 4352 1493 4408; x_wconf 89' lang='lat' dir='ltr'>carentia</span> <span class='ocrx_word' id='word_1_314' title='bbox 1539 4350 1643 4407; x_wconf 91' lang='lat' dir='ltr'>ad-</span> 
     </span>
     <span class='ocr_line' id='line_1_50' title="bbox 278 4437 1645 4517; baseline -0.008 -19"><span class='ocrx_word' id='word_1_315' title='bbox 278 4442 630 4517; x_wconf 88' lang='lat' dir='ltr'>impletionis</span> <span class='ocrx_word' id='word_1_316' title='bbox 679 4440 1090 4510; x_wconf 81' lang='lat' dir='ltr'>praeceptorum</span> <span class='ocrx_word' id='word_1_317' title='bbox 1139 4448 1483 4505; x_wconf 90' lang='lat' dir='ltr'>componere</span> <span class='ocrx_word' id='word_1_318' title='bbox 1535 4454 1548 4488; x_wconf 75' lang='grc' dir='ltr'><strong><em>ε</em></strong></span> <span class='ocrx_word' id='word_1_319' title='bbox 1589 4437 1645 4488; x_wconf 88' lang='lat' dir='ltr'>et</span> 
     </span>
     <span class='ocr_line' id='line_1_51' title="bbox 279 4513 1645 4587; baseline -0.009 -7"><span class='ocrx_word' id='word_1_320' title='bbox 279 4524 378 4580; x_wconf 93' lang='lat' dir='ltr'>hoc</span> <span class='ocrx_word' id='word_1_321' title='bbox 406 4539 524 4579; x_wconf 92' lang='lat' dir='ltr'>non</span> <span class='ocrx_word' id='word_1_322' title='bbox 565 4520 824 4576; x_wconf 88' lang='lat' dir='ltr'>obstante</span> <span class='ocrx_word' id='word_1_323' title='bbox 865 4516 1122 4571; x_wconf 88' lang='lat' dir='ltr'>Christus</span> <span class='ocrx_word' id='word_1_324' title='bbox 1153 4515 1428 4572; x_wconf 88' lang='lat' dir='ltr'>Dominus</span> <span class='ocrx_word' id='word_1_325' title='bbox 1464 4513 1645 4587; x_wconf 88' lang='lat' dir='ltr'>potuit</span> 
     </span>
     <span class='ocr_line' id='line_1_52' title="bbox 281 4592 1648 4675; baseline -0.008 -16"><span class='ocrx_word' id='word_1_326' title='bbox 281 4620 393 4661; x_wconf 88' lang='lat' dir='ltr'>non</span> <span class='ocrx_word' id='word_1_327' title='bbox 418 4608 710 4675; x_wconf 82' lang='lat' dir='ltr'>acceptare</span> <span class='ocrx_word' id='word_1_328' title='bbox 755 4601 1024 4657; x_wconf 88' lang='lat' dir='ltr'>mortem,</span> <span class='ocrx_word' id='word_1_329' title='bbox 1050 4601 1107 4652; x_wconf 91' lang='lat' dir='ltr'>et</span> <span class='ocrx_word' id='word_1_330' title='bbox 1160 4610 1275 4651; x_wconf 92' lang='lat' dir='ltr'>non</span> <span class='ocrx_word' id='word_1_331' title='bbox 1331 4592 1648 4666; x_wconf 88' lang='lat' dir='ltr'>adimplere</span> 
     </span>
     <span class='ocr_line' id='line_1_53' title="bbox 283 4675 1648 4758; baseline -0.01 -15"><span class='ocrx_word' id='word_1_332' title='bbox 283 4691 589 4758; x_wconf 63' lang='lat' dir='ltr'>praecepta:</span> <span class='ocrx_word' id='word_1_333' title='bbox 617 4696 753 4753; x_wconf 87' lang='lat' dir='ltr'>ergo</span> <span class='ocrx_word' id='word_1_334' title='bbox 776 4678 1086 4751; x_wconf 81' lang='lat' dir='ltr'>suppositio</span> <span class='ocrx_word' id='word_1_335' title='bbox 1109 4675 1460 4737; x_wconf 89' lang='lat' dir='ltr'>antecedens.</span> <span class='ocrx_word' id='word_1_336' title='bbox 1475 4691 1648 4749; x_wconf 84' lang='lat' dir='ltr'>qnam</span> 
     </span>
     <span class='ocr_line' id='line_1_54' title="bbox 286 4757 1650 4832; baseline -0.009 -10"><span class='ocrx_word' id='word_1_337' title='bbox 286 4770 547 4824; x_wconf 79' lang='lat' dir='ltr'>voluntas</span> <span class='ocrx_word' id='word_1_338' title='bbox 575 4762 773 4832; x_wconf 85' lang='lat' dir='ltr'>nequit</span> <span class='ocrx_word' id='word_1_339' title='bbox 793 4758 1029 4823; x_wconf 75' lang='lat' dir='ltr'>auferri,</span> <span class='ocrx_word' id='word_1_340' title='bbox 1047 4760 1133 4815; x_wconf 86' lang='lat' dir='ltr'>vel</span> <span class='ocrx_word' id='word_1_341' title='bbox 1156 4757 1501 4831; x_wconf 79' lang='lat' dir='ltr'>conjungere</span> <span class='ocrx_word' id='word_1_342' title='bbox 1522 4772 1650 4813; x_wconf 90' lang='lat' dir='ltr'>cum</span> 
     </span>
     <span class='ocr_line' id='line_1_55' title="bbox 288 4833 1653 4920; baseline -0.009 -15"><span class='ocrx_word' id='word_1_343' title='bbox 288 4850 476 4920; x_wconf 88' lang='lat' dir='ltr'>aliquo</span> <span class='ocrx_word' id='word_1_344' title='bbox 500 4850 781 4903; x_wconf 83' lang='lat' dir='ltr'>extremo,</span> <span class='ocrx_word' id='word_1_345' title='bbox 809 4856 925 4896; x_wconf 87' lang='lat' dir='ltr'>non</span> <span class='ocrx_word' id='word_1_346' title='bbox 971 4833 1158 4894; x_wconf 79' lang='lat' dir='ltr'>aufert</span> <span class='ocrx_word' id='word_1_347' title='bbox 1185 4837 1459 4905; x_wconf 87' lang='lat' dir='ltr'>absolute,</span> <span class='ocrx_word' id='word_1_348' title='bbox 1489 4843 1546 4894; x_wconf 88' lang='lat' dir='ltr'>et</span> <span class='ocrx_word' id='word_1_349' title='bbox 1582 4853 1653 4894; x_wconf 84' lang='lat' dir='ltr'>ex</span> 
     </span>
     <span class='ocr_line' id='line_1_56' title="bbox 290 4915 1648 4995; baseline -0.008 -12"><span class='ocrx_word' id='word_1_350' title='bbox 290 4926 553 4986; x_wconf 86' lang='lat' dir='ltr'>terminis</span> <span class='ocrx_word' id='word_1_351' title='bbox 600 4926 931 4995; x_wconf 87' lang='lat' dir='ltr'>potestatem</span> <span class='ocrx_word' id='word_1_352' title='bbox 983 4918 1050 4974; x_wconf 89' lang='lat' dir='ltr'>ad</span> <span class='ocrx_word' id='word_1_353' title='bbox 1105 4915 1251 4973; x_wconf 90' lang='lat' dir='ltr'>illud</span> <span class='ocrx_word' id='word_1_354' title='bbox 1304 4923 1648 4974; x_wconf 87' lang='lat' dir='ltr'>extremum.</span> 
     </span>
     <span class='ocr_line' id='line_1_57' title="bbox 290 4997 1655 5070; baseline -0.01 -5"><span class='ocrx_word' id='word_1_355' title='bbox 290 5011 476 5065; x_wconf 75' lang='lat' dir='ltr'>Minor</span> <span class='ocrx_word' id='word_1_356' title='bbox 497 5009 583 5061; x_wconf 85' lang='lat' dir='ltr'>est</span> <span class='ocrx_word' id='word_1_357' title='bbox 622 5008 815 5067; x_wconf 84' lang='lat' dir='ltr'>certa;</span> <span class='ocrx_word' id='word_1_358' title='bbox 858 4998 1127 5070; x_wconf 88' lang='lat' dir='ltr'>quoniam</span> <span class='ocrx_word' id='word_1_359' title='bbox 1173 4997 1429 5053; x_wconf 87' lang='lat' dir='ltr'>Christus</span> <span class='ocrx_word' id='word_1_360' title='bbox 1460 4998 1655 5054; x_wconf 90' lang='lat' dir='ltr'>Domi-</span> 
     </span>
    </p>
   </div>
   <div class='ocr_carea' id='block_1_3' title="bbox 1732 566 3325 5069">
    <p class='ocr_par' dir='ltr' id='par_1_3' title="bbox 1732 566 3325 3786">
     <span class='ocr_line' id='line_1_58' title="bbox 1732 566 3096 641; baseline 0.001 -20"><span class='ocrx_word' id='word_1_361' title='bbox 1732 582 1843 622; x_wconf 85' lang='lat' dir='ltr'>nus</span> <span class='ocrx_word' id='word_1_362' title='bbox 1863 566 2043 625; x_wconf 89' lang='lat' dir='ltr'>libere</span> <span class='ocrx_word' id='word_1_363' title='bbox 2068 568 2375 640; x_wconf 76' lang='lat' dir='ltr'>acceptavit</span> <span class='ocrx_word' id='word_1_364' title='bbox 2397 573 2661 628; x_wconf 87' lang='lat' dir='ltr'>mortem.</span> <span class='ocrx_word' id='word_1_365' title='bbox 2683 573 2739 624; x_wconf 86' lang='lat' dir='ltr'>et</span> <span class='ocrx_word' id='word_1_366' title='bbox 2759 567 3096 641; x_wconf 85' lang='lat' dir='ltr'>adimplevit</span> 
     </span>
     <span class='ocr_line' id='line_1_59' title="bbox 1734 647 3097 720; baseline 0.001 -18"><span class='ocrx_word' id='word_1_367' title='bbox 1734 651 2031 719; x_wconf 68' lang='lat' dir='ltr'>praecepta,</span> <span class='ocrx_word' id='word_1_368' title='bbox 2064 647 2284 703; x_wconf 89' lang='lat' dir='ltr'>aliasin</span> <span class='ocrx_word' id='word_1_369' title='bbox 2311 663 2511 703; x_wconf 89' lang='lat' dir='ltr'>eorum</span> <span class='ocrx_word' id='word_1_370' title='bbox 2542 647 2952 720; x_wconf 82' lang='lat' dir='ltr'>adimpletione</span> <span class='ocrx_word' id='word_1_371' title='bbox 2980 663 3097 704; x_wconf 91' lang='lat' dir='ltr'>non</span> 
     </span>
     <span class='ocr_line' id='line_1_60' title="bbox 1733 726 3097 801; baseline 0.001 -21"><span class='ocrx_word' id='word_1_372' title='bbox 1733 727 2069 782; x_wconf 85' lang='lat' dir='ltr'>meruisset:</span> <span class='ocrx_word' id='word_1_373' title='bbox 2096 743 2231 801; x_wconf 87' lang='lat' dir='ltr'>ergo</span> <span class='ocrx_word' id='word_1_374' title='bbox 2259 726 2459 784; x_wconf 90' lang='lat' dir='ltr'>habuit</span> <span class='ocrx_word' id='word_1_375' title='bbox 2481 734 2810 799; x_wconf 77' lang='lat' dir='ltr'>potestatem</span> <span class='ocrx_word' id='word_1_376' title='bbox 2840 728 2909 784; x_wconf 89' lang='lat' dir='ltr'>ad</span> <span class='ocrx_word' id='word_1_377' title='bbox 2932 729 3097 785; x_wconf 90' lang='lat' dir='ltr'>omit-</span> 
     </span>
     <span class='ocr_line' id='line_1_61' title="bbox 1734 805 3099 882; baseline 0.003 -20"><span class='ocrx_word' id='word_1_378' title='bbox 1734 805 1971 863; x_wconf 91' lang='lat' dir='ltr'>tendum</span> <span class='ocrx_word' id='word_1_379' title='bbox 1994 809 2432 881; x_wconf 87' lang='lat' dir='ltr'>acceptationem</span> <span class='ocrx_word' id='word_1_380' title='bbox 2459 811 2679 877; x_wconf 91' lang='lat' dir='ltr'>mortis,</span> <span class='ocrx_word' id='word_1_381' title='bbox 2709 815 2766 867; x_wconf 88' lang='lat' dir='ltr'>et</span> <span class='ocrx_word' id='word_1_382' title='bbox 2790 816 3099 882; x_wconf 79' lang='lat' dir='ltr'>praecepto-</span> 
     </span>
     <span class='ocr_line' id='line_1_62' title="bbox 1737 886 3097 963; baseline 0.001 -20"><span class='ocrx_word' id='word_1_383' title='bbox 1737 904 1867 943; x_wconf 91' lang='lat' dir='ltr'>rum</span> <span class='ocrx_word' id='word_1_384' title='bbox 1889 886 2383 961; x_wconf 89' lang='lat' dir='ltr'>adimpletionem.</span> <span class='ocrx_word' id='word_1_385' title='bbox 2412 891 2596 962; x_wconf 84' lang='lat' dir='ltr'>Major</span> <span class='ocrx_word' id='word_1_386' title='bbox 2619 896 2807 947; x_wconf 90' lang='lat' dir='ltr'>autem</span> <span class='ocrx_word' id='word_1_387' title='bbox 2825 890 3097 963; x_wconf 87' lang='lat' dir='ltr'>probatur</span> 
     </span>
     <span class='ocr_line' id='line_1_63' title="bbox 1733 968 3102 1045; baseline 0.001 -20"><span class='ocrx_word' id='word_1_388' title='bbox 1733 968 1918 1042; x_wconf 88' lang='lat' dir='ltr'>quoad</span> <span class='ocrx_word' id='word_1_389' title='bbox 1938 970 2195 1043; x_wconf 87' lang='lat' dir='ltr'>singulas</span> <span class='ocrx_word' id='word_1_390' title='bbox 2219 970 2341 1043; x_wconf 85' lang='lat' dir='ltr'>ejus</span> <span class='ocrx_word' id='word_1_391' title='bbox 2370 977 2555 1042; x_wconf 91' lang='lat' dir='ltr'>partes</span> <span class='ocrx_word' id='word_1_392' title='bbox 2580 995 2593 1036; x_wconf 87' lang='grc'><strong>;</strong></span> <span class='ocrx_word' id='word_1_393' title='bbox 2622 988 2756 1027; x_wconf 89' lang='lat' dir='ltr'>nam</span> <span class='ocrx_word' id='word_1_394' title='bbox 2799 973 2860 1028; x_wconf 90' lang='lat' dir='ltr'>in</span> <span class='ocrx_word' id='word_1_395' title='bbox 2897 972 3102 1045; x_wconf 91' lang='lat' dir='ltr'>primis</span> 
     </span>
     <span class='ocr_line' id='line_1_64' title="bbox 1736 1051 3104 1123; baseline 0.001 -16"><span class='ocrx_word' id='word_1_396' title='bbox 1736 1052 2027 1107; x_wconf 90' lang='lat' dir='ltr'>Christum</span> <span class='ocrx_word' id='word_1_397' title='bbox 2051 1051 2226 1108; x_wconf 78' lang='lat' dir='ltr'>fuisse</span> <span class='ocrx_word' id='word_1_398' title='bbox 2271 1051 2696 1123; x_wconf 88' lang='lat' dir='ltr'>impeccabilem</span> <span class='ocrx_word' id='word_1_399' title='bbox 2730 1052 3104 1110; x_wconf 81' lang='lat' dir='ltr'>conveniebat</span> 
     </span>
     <span class='ocr_line' id='line_1_65' title="bbox 1737 1133 3105 1207; baseline 0 -17"><span class='ocrx_word' id='word_1_400' title='bbox 1737 1134 1848 1207; x_wconf 91' lang='lat' dir='ltr'>ipsi</span> <span class='ocrx_word' id='word_1_401' title='bbox 1868 1150 1938 1191; x_wconf 86' lang='lat' dir='ltr'>ex</span> <span class='ocrx_word' id='word_1_402' title='bbox 1960 1133 2019 1189; x_wconf 82' lang='lat' dir='ltr'>vi</span> <span class='ocrx_word' id='word_1_403' title='bbox 2049 1134 2488 1205; x_wconf 87' lang='lat' dir='ltr'>personalitatis,</span> <span class='ocrx_word' id='word_1_404' title='bbox 2515 1140 2572 1190; x_wconf 89' lang='lat' dir='ltr'>et</span> <span class='ocrx_word' id='word_1_405' title='bbox 2611 1135 3010 1193; x_wconf 86' lang='lat' dir='ltr'>antecedenter</span> <span class='ocrx_word' id='word_1_406' title='bbox 3033 1134 3105 1191; x_wconf 89' lang='lat' dir='ltr'>ad</span> 
     </span>
     <span class='ocr_line' id='line_1_66' title="bbox 1737 1212 3108 1281; baseline -0.001 -9"><span class='ocrx_word' id='word_1_407' title='bbox 1737 1231 1971 1273; x_wconf 90' lang='lat' dir='ltr'>omnem</span> <span class='ocrx_word' id='word_1_408' title='bbox 2001 1214 2310 1271; x_wconf 87' lang='lat' dir='ltr'>voluntatis</span> <span class='ocrx_word' id='word_1_409' title='bbox 2335 1212 2898 1281; x_wconf 88' lang='lat' dir='ltr'>determinationem,</span> <span class='ocrx_word' id='word_1_410' title='bbox 2929 1214 3108 1272; x_wconf 89' lang='lat' dir='ltr'>utad-</span> 
     </span>
     <span class='ocr_line' id='line_1_67' title="bbox 1739 1294 3108 1353; baseline 0 -1"><span class='ocrx_word' id='word_1_411' title='bbox 1739 1298 1980 1352; x_wconf 90' lang='lat' dir='ltr'>mittunt</span> <span class='ocrx_word' id='word_1_412' title='bbox 2004 1294 2391 1352; x_wconf 89' lang='lat' dir='ltr'>communiter</span> <span class='ocrx_word' id='word_1_413' title='bbox 2430 1296 2781 1353; x_wconf 87' lang='lat' dir='ltr'>Adversarii.</span> <span class='ocrx_word' id='word_1_414' title='bbox 2825 1296 3108 1353; x_wconf 87' lang='lat' dir='ltr'>Similiter</span> 
     </span>
     <span class='ocr_line' id='line_1_68' title="bbox 1739 1374 3109 1450; baseline -0.001 -16"><span class='ocrx_word' id='word_1_415' title='bbox 1739 1375 2010 1450; x_wconf 79' lang='lat' dir='ltr'>obligatio</span> <span class='ocrx_word' id='word_1_416' title='bbox 2033 1374 2305 1432; x_wconf 89' lang='lat' dir='ltr'>servandi</span> <span class='ocrx_word' id='word_1_417' title='bbox 2329 1383 2607 1449; x_wconf 61' lang='lat' dir='ltr'>praecepta</span> <span class='ocrx_word' id='word_1_418' title='bbox 2656 1379 2945 1434; x_wconf 88' lang='lat' dir='ltr'>naturalia</span> <span class='ocrx_word' id='word_1_419' title='bbox 2991 1393 3109 1433; x_wconf 91' lang='lat' dir='ltr'>non</span> 
     </span>
     <span class='ocr_line' id='line_1_69' title="bbox 1742 1454 3108 1531; baseline -0.001 -17"><span class='ocrx_word' id='word_1_420' title='bbox 1742 1456 1947 1531; x_wconf 89' lang='lat' dir='ltr'>pendet</span> <span class='ocrx_word' id='word_1_421' title='bbox 1965 1471 2035 1513; x_wconf 87' lang='lat' dir='ltr'>ex</span> <span class='ocrx_word' id='word_1_422' title='bbox 2064 1454 2247 1512; x_wconf 87' lang='lat' dir='ltr'>libera</span> <span class='ocrx_word' id='word_1_423' title='bbox 2269 1456 2565 1514; x_wconf 84' lang='lat' dir='ltr'>volitionis</span> <span class='ocrx_word' id='word_1_424' title='bbox 2588 1459 2985 1530; x_wconf 85' lang='lat' dir='ltr'>acceptatione,</span> <span class='ocrx_word' id='word_1_425' title='bbox 3011 1457 3108 1515; x_wconf 87' lang='lat' dir='ltr'>sed</span> 
     </span>
     <span class='ocr_line' id='line_1_70' title="bbox 1739 1534 3109 1603; baseline -0.001 -9"><span class='ocrx_word' id='word_1_426' title='bbox 1739 1552 1869 1594; x_wconf 90' lang='lat' dir='ltr'>eam</span> <span class='ocrx_word' id='word_1_427' title='bbox 1917 1534 2196 1595; x_wconf 88' lang='lat' dir='ltr'>antecedit</span> <span class='ocrx_word' id='word_1_428' title='bbox 2220 1559 2234 1603; x_wconf 88' lang='lat'>;</span> <span class='ocrx_word' id='word_1_429' title='bbox 2282 1541 2337 1591; x_wconf 87' lang='lat' dir='ltr'>et</span> <span class='ocrx_word' id='word_1_430' title='bbox 2383 1536 2617 1594; x_wconf 91' lang='lat' dir='ltr'>aliunde</span> <span class='ocrx_word' id='word_1_431' title='bbox 2670 1554 2785 1595; x_wconf 89' lang='lat' dir='ltr'>non</span> <span class='ocrx_word' id='word_1_432' title='bbox 2833 1537 3109 1595; x_wconf 88' lang='lat' dir='ltr'>habemus</span> 
     </span>
     <span class='ocr_line' id='line_1_71' title="bbox 1744 1615 3105 1687; baseline 0.001 -13"><span class='ocrx_word' id='word_1_433' title='bbox 1744 1618 2184 1674; x_wconf 80' lang='lat' dir='ltr'>fundamentum</span> <span class='ocrx_word' id='word_1_434' title='bbox 2246 1615 2316 1673; x_wconf 89' lang='lat' dir='ltr'>ad</span> <span class='ocrx_word' id='word_1_435' title='bbox 2357 1618 2725 1675; x_wconf 88' lang='lat' dir='ltr'>asserendum</span> <span class='ocrx_word' id='word_1_436' title='bbox 2746 1663 2759 1687; x_wconf 93' lang='lat'>,</span> <span class='ocrx_word' id='word_1_437' title='bbox 2812 1620 3105 1675; x_wconf 86' lang='lat' dir='ltr'>Christum</span> 
     </span>
     <span class='ocr_line' id='line_1_72' title="bbox 1744 1699 3108 1775; baseline 0.001 -18"><span class='ocrx_word' id='word_1_438' title='bbox 1744 1701 1972 1774; x_wconf 88' lang='lat' dir='ltr'>petiisse</span> <span class='ocrx_word' id='word_1_439' title='bbox 1994 1716 2027 1755; x_wconf 92' lang='lat' dir='ltr'>a</span> <span class='ocrx_word' id='word_1_440' title='bbox 2054 1702 2242 1765; x_wconf 83' lang='lat' dir='ltr'>Patre,</span> <span class='ocrx_word' id='word_1_441' title='bbox 2277 1705 2336 1755; x_wconf 89' lang='lat' dir='ltr'>ut</span> <span class='ocrx_word' id='word_1_442' title='bbox 2357 1699 2466 1756; x_wconf 91' lang='lat' dir='ltr'>sibi</span> <span class='ocrx_word' id='word_1_443' title='bbox 2496 1701 2819 1774; x_wconf 87' lang='lat' dir='ltr'>imponeret</span> <span class='ocrx_word' id='word_1_444' title='bbox 2854 1718 3108 1775; x_wconf 81' lang='lat' dir='ltr'>praecep-</span> 
     </span>
     <span class='ocr_line' id='line_1_73' title="bbox 1744 1778 3109 1854; baseline -0.001 -16"><span class='ocrx_word' id='word_1_445' title='bbox 1744 1785 1866 1839; x_wconf 88' lang='lat' dir='ltr'>tum</span> <span class='ocrx_word' id='word_1_446' title='bbox 1892 1779 2198 1844; x_wconf 89' lang='lat' dir='ltr'>moriendi,</span> <span class='ocrx_word' id='word_1_447' title='bbox 2248 1778 2345 1835; x_wconf 90' lang='lat' dir='ltr'>sed</span> <span class='ocrx_word' id='word_1_448' title='bbox 2376 1781 2561 1852; x_wconf 88' lang='lat' dir='ltr'>potius</span> <span class='ocrx_word' id='word_1_449' title='bbox 2598 1783 2919 1854; x_wconf 90' lang='lat' dir='ltr'>oppositum</span> <span class='ocrx_word' id='word_1_450' title='bbox 2949 1781 3109 1838; x_wconf 87' lang='lat' dir='ltr'>indi-</span> 
     </span>
     <span class='ocr_line' id='line_1_74' title="bbox 1742 1859 3325 1934; baseline 0.001 -17"><span class='ocrx_word' id='word_1_451' title='bbox 1742 1864 1832 1921; x_wconf 83' lang='lat' dir='ltr'>cat</span> <span class='ocrx_word' id='word_1_452' title='bbox 1856 1861 2157 1933; x_wconf 85' lang='lat' dir='ltr'>Apostolus</span> <span class='ocrx_word' id='word_1_453' title='bbox 2181 1860 2255 1914; x_wconf 83' lang='lat' dir='ltr'>ad</span> <span class='ocrx_word' id='word_1_454' title='bbox 2275 1859 2429 1918; x_wconf 83' lang='lat' dir='ltr'>Rom.</span> <span class='ocrx_word' id='word_1_455' title='bbox 2453 1862 2508 1926; x_wconf 90' lang='lat'>8,</span> <span class='ocrx_word' id='word_1_456' title='bbox 2540 1860 2733 1918; x_wconf 89' lang='lat' dir='ltr'>dicens</span> <span class='ocrx_word' id='word_1_457' title='bbox 2773 1866 2948 1918; x_wconf 89' lang='lat' dir='ltr'>Deum</span> <span class='ocrx_word' id='word_1_458' title='bbox 2976 1876 3107 1934; x_wconf 86' lang='lat' dir='ltr'>pro·</span> <span class='ocrx_word' id='word_1_459' title='bbox 3121 1867 3186 1909; x_wconf 77' lang='lat' dir='ltr'>Ad</span> <span class='ocrx_word' id='word_1_460' title='bbox 3201 1868 3325 1909; x_wconf 76' lang='lat' dir='ltr'>nom.</span> 
     </span>
     <span class='ocr_line' id='line_1_75' title="bbox 1746 1919 3233 2016; baseline 0 -18"><span class='ocrx_word' id='word_1_461' title='bbox 1746 1944 1874 2016; x_wconf 90' lang='lat' dir='ltr'>prio</span> <span class='ocrx_word' id='word_1_462' title='bbox 1920 1941 2041 1999; x_wconf 85' lang='lat' dir='ltr'>filio</span> <span class='ocrx_word' id='word_1_463' title='bbox 2089 1958 2206 1998; x_wconf 93' lang='lat' dir='ltr'>non</span> <span class='ocrx_word' id='word_1_464' title='bbox 2260 1941 2573 2014; x_wconf 86' lang='lat' dir='ltr'>pepercisse</span> <span class='ocrx_word' id='word_1_465' title='bbox 2596 1986 2609 2011; x_wconf 95' lang='lat'>,</span> <span class='ocrx_word' id='word_1_466' title='bbox 2665 1942 2764 2000; x_wconf 87' lang='lat' dir='ltr'>sed</span> <span class='ocrx_word' id='word_1_467' title='bbox 2803 1960 2904 2016; x_wconf 90' lang='lat' dir='ltr'>pro</span> <span class='ocrx_word' id='word_1_468' title='bbox 2944 1943 3111 2000; x_wconf 90' lang='lat' dir='ltr'>nobis</span> <span class='ocrx_word' id='word_1_469' title='bbox 3195 1919 3233 1958; x_wconf 67' lang='lat'>⁸</span> 
     </span>
     <span class='ocr_line' id='line_1_76' title="bbox 1747 2021 3112 2096; baseline 0 -16"><span class='ocrx_word' id='word_1_470' title='bbox 1747 2022 2018 2080; x_wconf 86' lang='lat' dir='ltr'>omnibus</span> <span class='ocrx_word' id='word_1_471' title='bbox 2039 2021 2341 2078; x_wconf 85' lang='lat' dir='ltr'>tradidisse</span> <span class='ocrx_word' id='word_1_472' title='bbox 2367 2022 2538 2078; x_wconf 90' lang='lat' dir='ltr'>illum</span> <span class='ocrx_word' id='word_1_473' title='bbox 2568 2043 2581 2077; x_wconf 89' lang='lat'>:</span> <span class='ocrx_word' id='word_1_474' title='bbox 2610 2038 2744 2096; x_wconf 90' lang='lat' dir='ltr'>ergo</span> <span class='ocrx_word' id='word_1_475' title='bbox 2766 2022 3112 2096; x_wconf 87' lang='lat' dir='ltr'>impeccabi-</span> 
     </span>
     <span class='ocr_line' id='line_1_77' title="bbox 1747 2102 3115 2178; baseline -0.001 -17"><span class='ocrx_word' id='word_1_476' title='bbox 1747 2106 1881 2162; x_wconf 89' lang='lat' dir='ltr'>litas</span> <span class='ocrx_word' id='word_1_477' title='bbox 1902 2104 2132 2168; x_wconf 88' lang='lat' dir='ltr'>Christi,</span> <span class='ocrx_word' id='word_1_478' title='bbox 2165 2104 2395 2177; x_wconf 81' lang='lat' dir='ltr'>ejusque</span> <span class='ocrx_word' id='word_1_479' title='bbox 2422 2102 2691 2178; x_wconf 84' lang='lat' dir='ltr'>obligatio</span> <span class='ocrx_word' id='word_1_480' title='bbox 2719 2104 2788 2160; x_wconf 91' lang='lat' dir='ltr'>ad</span> <span class='ocrx_word' id='word_1_481' title='bbox 2816 2111 3115 2178; x_wconf 87' lang='lat' dir='ltr'>acceptan-</span> 
     </span>
     <span class='ocr_line' id='line_1_78' title="bbox 1749 2182 3117 2256; baseline 0.001 -16"><span class='ocrx_word' id='word_1_482' title='bbox 1749 2184 1881 2240; x_wconf 85' lang='lat' dir='ltr'>dam</span> <span class='ocrx_word' id='word_1_483' title='bbox 1924 2190 2185 2249; x_wconf 89' lang='lat' dir='ltr'>mortem,</span> <span class='ocrx_word' id='word_1_484' title='bbox 2216 2189 2271 2240; x_wconf 88' lang='lat' dir='ltr'>et</span> <span class='ocrx_word' id='word_1_485' title='bbox 2303 2182 2659 2240; x_wconf 89' lang='lat' dir='ltr'>observanda</span> <span class='ocrx_word' id='word_1_486' title='bbox 2694 2190 2964 2256; x_wconf 78' lang='lat' dir='ltr'>praecepta</span> <span class='ocrx_word' id='word_1_487' title='bbox 3007 2200 3117 2241; x_wconf 89' lang='lat' dir='ltr'>na-</span> 
     </span>
     <span class='ocr_line' id='line_1_79' title="bbox 1750 2261 3121 2336; baseline -0.002 -15"><span class='ocrx_word' id='word_1_488' title='bbox 1750 2266 1980 2329; x_wconf 87' lang='lat' dir='ltr'>turalia,</span> <span class='ocrx_word' id='word_1_489' title='bbox 2009 2265 2118 2320; x_wconf 82' lang='lat' dir='ltr'>t&#39;uit</span> <span class='ocrx_word' id='word_1_490' title='bbox 2149 2261 2407 2336; x_wconf 75' lang='lat' dir='ltr'>quaedam</span> <span class='ocrx_word' id='word_1_491' title='bbox 2434 2263 2749 2336; x_wconf 90' lang='lat' dir='ltr'>suppositio</span> <span class='ocrx_word' id='word_1_492' title='bbox 2776 2262 3121 2320; x_wconf 88' lang='lat' dir='ltr'>antecedens</span> 
     </span>
     <span class='ocr_line' id='line_1_80' title="bbox 1753 2342 3121 2418; baseline -0.001 -16"><span class='ocrx_word' id='word_1_493' title='bbox 1753 2351 2006 2418; x_wconf 88' lang='lat' dir='ltr'>respectu</span> <span class='ocrx_word' id='word_1_494' title='bbox 2028 2344 2341 2401; x_wconf 90' lang='lat' dir='ltr'>voluntatis</span> <span class='ocrx_word' id='word_1_495' title='bbox 2363 2344 2574 2400; x_wconf 87' lang='lat' dir='ltr'>Christi</span> <span class='ocrx_word' id='word_1_496' title='bbox 2602 2344 2851 2400; x_wconf 90' lang='lat' dir='ltr'>Domini.</span> <span class='ocrx_word' id='word_1_497' title='bbox 2905 2342 3121 2400; x_wconf 90' lang='lat' dir='ltr'>Deinde</span> 
     </span>
     <span class='ocr_line' id='line_1_81' title="bbox 1752 2422 3124 2495; baseline -0.003 -14"><span class='ocrx_word' id='word_1_498' title='bbox 1752 2426 2012 2481; x_wconf 84' lang='lat' dir='ltr'>Christus</span> <span class='ocrx_word' id='word_1_499' title='bbox 2035 2439 2157 2480; x_wconf 93' lang='lat' dir='ltr'>non</span> <span class='ocrx_word' id='word_1_500' title='bbox 2184 2422 2423 2495; x_wconf 87' lang='lat' dir='ltr'>potuita</span> <span class='ocrx_word' id='word_1_501' title='bbox 2446 2438 2506 2478; x_wconf 89' lang='lat' dir='ltr'>se</span> <span class='ocrx_word' id='word_1_502' title='bbox 2526 2431 2788 2478; x_wconf 84' lang='lat' dir='ltr'>excutere</span> <span class='ocrx_word' id='word_1_503' title='bbox 2817 2422 2962 2478; x_wconf 88' lang='lat' dir='ltr'>hanc</span> <span class='ocrx_word' id='word_1_504' title='bbox 2982 2439 3124 2495; x_wconf 89' lang='lat' dir='ltr'>sup-</span> 
     </span>
     <span class='ocr_line' id='line_1_82' title="bbox 1755 2508 3121 2582; baseline -0.005 -16"><span class='ocrx_word' id='word_1_505' title='bbox 1755 2508 2102 2582; x_wconf 89' lang='lat' dir='ltr'>positionem</span> <span class='ocrx_word' id='word_1_506' title='bbox 2133 2528 2147 2571; x_wconf 85' lang='lat'>;</span> <span class='ocrx_word' id='word_1_507' title='bbox 2179 2521 2313 2561; x_wconf 91' lang='lat' dir='ltr'>nam</span> <span class='ocrx_word' id='word_1_508' title='bbox 2336 2519 2406 2560; x_wconf 89' lang='lat' dir='ltr'>ex</span> <span class='ocrx_word' id='word_1_509' title='bbox 2434 2520 2548 2560; x_wconf 91' lang='lat' dir='ltr'>una</span> <span class='ocrx_word' id='word_1_510' title='bbox 2573 2510 2731 2576; x_wconf 91' lang='lat' dir='ltr'>parte</span> <span class='ocrx_word' id='word_1_511' title='bbox 2760 2521 2874 2561; x_wconf 90' lang='lat' dir='ltr'>non</span> <span class='ocrx_word' id='word_1_512' title='bbox 2900 2510 3121 2577; x_wconf 90' lang='lat' dir='ltr'>poterat</span> 
     </span>
     <span class='ocr_line' id='line_1_83' title="bbox 1755 2586 3122 2660; baseline -0.004 -13"><span class='ocrx_word' id='word_1_513' title='bbox 1755 2605 1871 2647; x_wconf 90' lang='lat' dir='ltr'>non</span> <span class='ocrx_word' id='word_1_514' title='bbox 1898 2604 2019 2645; x_wconf 91' lang='lat' dir='ltr'>esse</span> <span class='ocrx_word' id='word_1_515' title='bbox 2048 2586 2456 2660; x_wconf 61' lang='lat' dir='ltr'>impeccabilis</span> <span class='ocrx_word' id='word_1_516' title='bbox 2482 2592 2539 2642; x_wconf 91' lang='lat' dir='ltr'>et</span> <span class='ocrx_word' id='word_1_517' title='bbox 2564 2602 2634 2641; x_wconf 83' lang='lat' dir='ltr'>ex</span> <span class='ocrx_word' id='word_1_518' title='bbox 2657 2586 2774 2641; x_wconf 86' lang='lat' dir='ltr'>alia</span> <span class='ocrx_word' id='word_1_519' title='bbox 2815 2603 2929 2643; x_wconf 90' lang='lat' dir='ltr'>non</span> <span class='ocrx_word' id='word_1_520' title='bbox 2961 2593 3122 2659; x_wconf 87' lang='lat' dir='ltr'>pote-</span> 
     </span>
     <span class='ocr_line' id='line_1_84' title="bbox 1756 2665 3123 2741; baseline -0.003 -15"><span class='ocrx_word' id='word_1_521' title='bbox 1756 2676 1843 2726; x_wconf 90' lang='lat' dir='ltr'>rat</span> <span class='ocrx_word' id='word_1_522' title='bbox 1872 2684 1987 2725; x_wconf 89' lang='lat' dir='ltr'>non</span> <span class='ocrx_word' id='word_1_523' title='bbox 2008 2667 2252 2741; x_wconf 87' lang='lat' dir='ltr'>obligari</span> <span class='ocrx_word' id='word_1_524' title='bbox 2289 2667 2586 2740; x_wconf 82' lang='lat' dir='ltr'>praeceptis</span> <span class='ocrx_word' id='word_1_525' title='bbox 2627 2665 2767 2739; x_wconf 87' lang='lat' dir='ltr'>legis</span> <span class='ocrx_word' id='word_1_526' title='bbox 2808 2667 3123 2733; x_wconf 85' lang='lat' dir='ltr'>naturalis;</span> 
     </span>
     <span class='ocr_line' id='line_1_85' title="bbox 1753 2746 3126 2819; baseline -0.004 -13"><span class='ocrx_word' id='word_1_527' title='bbox 1753 2755 1810 2807; x_wconf 91' lang='lat' dir='ltr'>et</span> <span class='ocrx_word' id='word_1_528' title='bbox 1837 2747 2071 2806; x_wconf 89' lang='lat' dir='ltr'>aliunde</span> <span class='ocrx_word' id='word_1_529' title='bbox 2090 2746 2391 2804; x_wconf 90' lang='lat' dir='ltr'>dedecebat</span> <span class='ocrx_word' id='word_1_530' title='bbox 2412 2746 2729 2802; x_wconf 85' lang='lat' dir='ltr'>maximam</span> <span class='ocrx_word' id='word_1_531' title='bbox 2760 2746 2969 2802; x_wconf 89' lang='lat' dir='ltr'>Christi</span> <span class='ocrx_word' id='word_1_532' title='bbox 3002 2762 3126 2819; x_wconf 90' lang='lat' dir='ltr'>per-</span> 
     </span>
     <span class='ocr_line' id='line_1_86' title="bbox 1757 2826 3120 2903; baseline -0.001 -15"><span class='ocrx_word' id='word_1_533' title='bbox 1757 2830 2060 2889; x_wconf 81' lang='lat' dir='ltr'>fectionem</span> <span class='ocrx_word' id='word_1_534' title='bbox 2095 2834 2284 2903; x_wconf 88' lang='lat' dir='ltr'>petere</span> <span class='ocrx_word' id='word_1_535' title='bbox 2331 2845 2361 2886; x_wconf 89' lang='lat' dir='ltr'>a</span> <span class='ocrx_word' id='word_1_536' title='bbox 2412 2830 2578 2885; x_wconf 86' lang='lat' dir='ltr'>Patre</span> <span class='ocrx_word' id='word_1_537' title='bbox 2611 2826 3120 2901; x_wconf 87' lang='lat' dir='ltr'>dispensationem,</span> 
     </span>
     <span class='ocr_line' id='line_1_87' title="bbox 1756 2908 3123 2982; baseline -0.002 -13"><span class='ocrx_word' id='word_1_538' title='bbox 1756 2913 1848 2969; x_wconf 90' lang='lat' dir='ltr'>vel</span> <span class='ocrx_word' id='word_1_539' title='bbox 1872 2911 2377 2967; x_wconf 87' lang='lat' dir='ltr'>commutationem</span> <span class='ocrx_word' id='word_1_540' title='bbox 2401 2910 2462 2965; x_wconf 90' lang='lat' dir='ltr'>in</span> <span class='ocrx_word' id='word_1_541' title='bbox 2494 2908 2758 2980; x_wconf 78' lang='lat' dir='ltr'>praedicta</span> <span class='ocrx_word' id='word_1_542' title='bbox 2788 2910 2908 2982; x_wconf 81' lang='lat' dir='ltr'>lege</span> <span class='ocrx_word' id='word_1_543' title='bbox 2935 2933 2947 2972; x_wconf 86' lang='lat'>;</span> <span class='ocrx_word' id='word_1_544' title='bbox 2992 2926 3123 2966; x_wconf 89' lang='lat' dir='ltr'>cum</span> 
     </span>
     <span class='ocr_line' id='line_1_88' title="bbox 1758 2989 3127 3065; baseline -0.002 -17"><span class='ocrx_word' id='word_1_545' title='bbox 1758 2989 2085 3065; x_wconf 85' lang='lat' dir='ltr'>hujusmodi</span> <span class='ocrx_word' id='word_1_546' title='bbox 2111 2989 2304 3063; x_wconf 90' lang='lat' dir='ltr'>petitio</span> <span class='ocrx_word' id='word_1_547' title='bbox 2324 2989 2494 3045; x_wconf 85' lang='lat' dir='ltr'>etiam</span> <span class='ocrx_word' id='word_1_548' title='bbox 2522 2989 2582 3044; x_wconf 90' lang='lat' dir='ltr'>in</span> <span class='ocrx_word' id='word_1_549' title='bbox 2608 3004 2748 3061; x_wconf 93' lang='lat' dir='ltr'>puro</span> <span class='ocrx_word' id='word_1_550' title='bbox 2771 2989 3005 3044; x_wconf 89' lang='lat' dir='ltr'>homine</span> <span class='ocrx_word' id='word_1_551' title='bbox 3021 2990 3127 3045; x_wconf 91' lang='lat' dir='ltr'>im-</span> 
     </span>
     <span class='ocr_line' id='line_1_89' title="bbox 1760 3069 3124 3144; baseline -0.001 -16"><span class='ocrx_word' id='word_1_552' title='bbox 1760 3072 2165 3144; x_wconf 79' lang='lat' dir='ltr'>perfectionem</span> <span class='ocrx_word' id='word_1_553' title='bbox 2222 3071 2282 3126; x_wconf 92' lang='lat' dir='ltr'>in</span> <span class='ocrx_word' id='word_1_554' title='bbox 2318 3069 2634 3126; x_wconf 88' lang='lat' dir='ltr'>obediendo</span> <span class='ocrx_word' id='word_1_555' title='bbox 2677 3071 2812 3126; x_wconf 88' lang='lat' dir='ltr'>satis</span> <span class='ocrx_word' id='word_1_556' title='bbox 2854 3069 3124 3128; x_wconf 87' lang='lat' dir='ltr'>declaret.</span> 
     </span>
     <span class='ocr_line' id='line_1_90' title="bbox 1759 3149 3128 3222; baseline 0 -16"><span class='ocrx_word' id='word_1_557' title='bbox 1759 3150 2016 3208; x_wconf 88' lang='lat' dir='ltr'>Tandem</span> <span class='ocrx_word' id='word_1_558' title='bbox 2082 3150 2338 3206; x_wconf 88' lang='lat' dir='ltr'>carentia</span> <span class='ocrx_word' id='word_1_559' title='bbox 2394 3149 2640 3206; x_wconf 89' lang='lat' dir='ltr'>exercita</span> <span class='ocrx_word' id='word_1_560' title='bbox 2700 3149 3128 3222; x_wconf 89' lang='lat' dir='ltr'>adimpletionis</span> 
     </span>
     <span class='ocr_line' id='line_1_91' title="bbox 1762 3227 3123 3304; baseline -0.001 -16"><span class='ocrx_word' id='word_1_561' title='bbox 1762 3236 2191 3304; x_wconf 66' lang='lat' dir='ltr'>praeceptorum,</span> <span class='ocrx_word' id='word_1_562' title='bbox 2217 3245 2345 3286; x_wconf 88' lang='lat' dir='ltr'>cum</span> <span class='ocrx_word' id='word_1_563' title='bbox 2374 3246 2573 3286; x_wconf 91' lang='lat' dir='ltr'>eorum</span> <span class='ocrx_word' id='word_1_564' title='bbox 2619 3227 2890 3303; x_wconf 82' lang='lat' dir='ltr'>obligatio</span> <span class='ocrx_word' id='word_1_565' title='bbox 2942 3237 3123 3304; x_wconf 84' lang='lat' dir='ltr'>urget,</span> 
     </span>
     <span class='ocr_line' id='line_1_92' title="bbox 1762 3311 3125 3386; baseline -0.001 -17"><span class='ocrx_word' id='word_1_566' title='bbox 1762 3313 1960 3386; x_wconf 90' lang='lat' dir='ltr'>nequit</span> <span class='ocrx_word' id='word_1_567' title='bbox 1987 3327 2102 3369; x_wconf 91' lang='lat' dir='ltr'>non</span> <span class='ocrx_word' id='word_1_568' title='bbox 2116 3325 2237 3368; x_wconf 86' lang='lat' dir='ltr'>esse</span> <span class='ocrx_word' id='word_1_569' title='bbox 2260 3316 2541 3385; x_wconf 89' lang='lat' dir='ltr'>peccatum</span> <span class='ocrx_word' id='word_1_570' title='bbox 2571 3332 2584 3366; x_wconf 78' lang='lat' dir='ltr'>t</span> <span class='ocrx_word' id='word_1_571' title='bbox 2613 3311 2715 3367; x_wconf 87' lang='lat' dir='ltr'>hoc</span> <span class='ocrx_word' id='word_1_572' title='bbox 2759 3317 2946 3367; x_wconf 91' lang='lat' dir='ltr'>autem</span> <span class='ocrx_word' id='word_1_573' title='bbox 2991 3313 3125 3385; x_wconf 90' lang='lat' dir='ltr'>poni</span> 
     </span>
     <span class='ocr_line' id='line_1_93' title="bbox 1762 3389 3123 3465; baseline -0.001 -15"><span class='ocrx_word' id='word_1_574' title='bbox 1762 3409 1880 3450; x_wconf 91' lang='lat' dir='ltr'>non</span> <span class='ocrx_word' id='word_1_575' title='bbox 1914 3396 2095 3465; x_wconf 87' lang='lat' dir='ltr'>potest</span> <span class='ocrx_word' id='word_1_576' title='bbox 2120 3393 2181 3448; x_wconf 92' lang='lat' dir='ltr'>in</span> <span class='ocrx_word' id='word_1_577' title='bbox 2224 3392 2514 3464; x_wconf 87' lang='lat' dir='ltr'>supposito</span> <span class='ocrx_word' id='word_1_578' title='bbox 2543 3389 2914 3463; x_wconf 87' lang='lat' dir='ltr'>impeccabili‚</span> <span class='ocrx_word' id='word_1_579' title='bbox 2948 3398 3009 3446; x_wconf 90' lang='lat' dir='ltr'>ut</span> <span class='ocrx_word' id='word_1_580' title='bbox 3053 3408 3123 3449; x_wconf 86' lang='lat' dir='ltr'>ex</span> 
     </span>
     <span class='ocr_line' id='line_1_94' title="bbox 1761 3472 3124 3547; baseline -0.002 -17"><span class='ocrx_word' id='word_1_581' title='bbox 1761 3489 1822 3530; x_wconf 88' lang='lat' dir='ltr'>se</span> <span class='ocrx_word' id='word_1_582' title='bbox 1849 3474 2026 3546; x_wconf 85' lang='lat' dir='ltr'>liquet</span> <span class='ocrx_word' id='word_1_583' title='bbox 2052 3493 2064 3529; x_wconf 90' lang='lat'>:</span> <span class='ocrx_word' id='word_1_584' title='bbox 2093 3489 2227 3547; x_wconf 86' lang='lat' dir='ltr'>ergo</span> <span class='ocrx_word' id='word_1_585' title='bbox 2249 3472 2506 3528; x_wconf 88' lang='lat' dir='ltr'>Christus</span> <span class='ocrx_word' id='word_1_586' title='bbox 2536 3473 2812 3528; x_wconf 90' lang='lat' dir='ltr'>Dominus</span> <span class='ocrx_word' id='word_1_587' title='bbox 2857 3488 2973 3528; x_wconf 92' lang='lat' dir='ltr'>non</span> <span class='ocrx_word' id='word_1_588' title='bbox 3018 3487 3124 3545; x_wconf 92' lang='lat' dir='ltr'>po-</span> 
     </span>
     <span class='ocr_line' id='line_1_95' title="bbox 1764 3554 3121 3628; baseline -0.002 -15"><span class='ocrx_word' id='word_1_589' title='bbox 1764 3558 1874 3613; x_wconf 86' lang='lat' dir='ltr'>tuit</span> <span class='ocrx_word' id='word_1_590' title='bbox 1923 3555 2371 3628; x_wconf 85' lang='lat' dir='ltr'>suppositionem</span> <span class='ocrx_word' id='word_1_591' title='bbox 2415 3554 2576 3610; x_wconf 89' lang='lat' dir='ltr'>illam</span> <span class='ocrx_word' id='word_1_592' title='bbox 2616 3568 2955 3625; x_wconf 90' lang='lat' dir='ltr'>componere</span> <span class='ocrx_word' id='word_1_593' title='bbox 2991 3569 3121 3610; x_wconf 87' lang='lat' dir='ltr'>curn</span> 
     </span>
     <span class='ocr_line' id='line_1_96' title="bbox 1764 3634 3126 3706; baseline -0.003 -12"><span class='ocrx_word' id='word_1_594' title='bbox 1764 3637 2017 3694; x_wconf 90' lang='lat' dir='ltr'>carentia</span> <span class='ocrx_word' id='word_1_595' title='bbox 2044 3634 2468 3706; x_wconf 89' lang='lat' dir='ltr'>adimpletionis</span> <span class='ocrx_word' id='word_1_596' title='bbox 2492 3640 2915 3706; x_wconf 64' lang='lat' dir='ltr'>praeceptorum,</span> <span class='ocrx_word' id='word_1_597' title='bbox 2947 3649 3126 3706; x_wconf 89' lang='lat' dir='ltr'>quan-</span> 
     </span>
     <span class='ocr_line' id='line_1_97' title="bbox 1764 3710 2862 3786; baseline -0.006 -13"><span class='ocrx_word' id='word_1_598' title='bbox 1764 3716 1857 3780; x_wconf 91' lang='lat' dir='ltr'>do,</span> <span class='ocrx_word' id='word_1_599' title='bbox 1886 3719 1943 3772; x_wconf 88' lang='lat' dir='ltr'>et</span> <span class='ocrx_word' id='word_1_600' title='bbox 1962 3712 2057 3769; x_wconf 91' lang='lat' dir='ltr'>ubi</span> <span class='ocrx_word' id='word_1_601' title='bbox 2084 3728 2283 3769; x_wconf 88' lang='lat' dir='ltr'>eorum</span> <span class='ocrx_word' id='word_1_602' title='bbox 2310 3711 2580 3786; x_wconf 87' lang='lat' dir='ltr'>obligatio</span> <span class='ocrx_word' id='word_1_603' title='bbox 2607 3710 2862 3784; x_wconf 89' lang='lat' dir='ltr'>urgebat.</span> 
     </span>
    </p>

    <p class='ocr_par' dir='ltr' id='par_1_4' title="bbox 1767 3791 3323 5069">
     <span class='ocr_line' id='line_1_98' title="bbox 1841 3791 3323 3862; baseline -0.003 -10"><span class='ocrx_word' id='word_1_604' title='bbox 1841 3799 2023 3862; x_wconf 89' lang='lat' dir='ltr'>Quam</span> <span class='ocrx_word' id='word_1_605' title='bbox 2051 3794 2370 3851; x_wconf 86' lang='lat' dir='ltr'>doctrinam</span> <span class='ocrx_word' id='word_1_606' title='bbox 2403 3793 2483 3848; x_wconf 89' lang='lat' dir='ltr'>sic</span> <span class='ocrx_word' id='word_1_607' title='bbox 2517 3791 2823 3849; x_wconf 83' lang='lat' dir='ltr'>confirmat</span> <span class='ocrx_word' id='word_1_608' title='bbox 2851 3793 3037 3848; x_wconf 85' lang='lat' dir='ltr'>Estius</span> <span class='ocrx_word' id='word_1_609' title='bbox 3062 3795 3125 3849; x_wconf 80' lang='lat' dir='ltr'>in</span> <span class='ocrx_word' id='word_1_610' title='bbox 3164 3820 3323 3862; x_wconf 56' lang='lat' dir='ltr'>mins,</span> 
     </span>
     <span class='ocr_line' id='line_1_99' title="bbox 1767 3873 3125 3948; baseline -0.004 -12"><span class='ocrx_word' id='word_1_611' title='bbox 1767 3883 1822 3948; x_wconf 81' lang='lat'>2,</span> <span class='ocrx_word' id='word_1_612' title='bbox 1848 3879 1974 3934; x_wconf 74' lang='lat' dir='ltr'>dist.</span> <span class='ocrx_word' id='word_1_613' title='bbox 2000 3879 2090 3941; x_wconf 75' lang='lat'>28,</span> <span class='ocrx_word' id='word_1_614' title='bbox 2122 3879 2153 3945; x_wconf 69' lang='lat' dir='ltr'>g</span> <span class='ocrx_word' id='word_1_615' title='bbox 2181 3877 2234 3939; x_wconf 88' lang='lat'>5,</span> <span class='ocrx_word' id='word_1_616' title='bbox 2267 3873 2363 3929; x_wconf 91' lang='lat' dir='ltr'>nbi</span> <span class='ocrx_word' id='word_1_617' title='bbox 2385 3874 2466 3930; x_wconf 90' lang='lat' dir='ltr'>sic</span> <span class='ocrx_word' id='word_1_618' title='bbox 2490 3873 2701 3929; x_wconf 80' lang='lat' dir='ltr'>format</span> <span class='ocrx_word' id='word_1_619' title='bbox 2721 3874 2811 3938; x_wconf 88' lang='grc'>37,</span> <span class='ocrx_word' id='word_1_620' title='bbox 2840 3874 3125 3930; x_wconf 86' lang='lat' dir='ltr'>rationem</span> 
     </span>
     <span class='ocr_line' id='line_1_100' title="bbox 1772 3952 3122 4033; baseline -0.003 -19"><span class='ocrx_word' id='word_1_621' title='bbox 1772 3974 1874 4033; x_wconf 92' lang='lat' dir='ltr'>pro</span> <span class='ocrx_word' id='word_1_622' title='bbox 1903 3961 2095 4012; x_wconf 87' lang='lat' dir='ltr'>nostra</span> <span class='ocrx_word' id='word_1_623' title='bbox 2133 3953 2415 4010; x_wconf 87' lang='lat' dir='ltr'>sententia</span> <span class='ocrx_word' id='word_1_624' title='bbox 2468 3952 2538 4008; x_wconf 89' lang='lat' dir='ltr'>ab</span> <span class='ocrx_word' id='word_1_625' title='bbox 2578 3953 2843 4024; x_wconf 87' lang='lat' dir='ltr'>exemplo</span> <span class='ocrx_word' id='word_1_626' title='bbox 2889 3953 3122 4010; x_wconf 90' lang='lat' dir='ltr'>Christi.</span> 
     </span>
     <span class='ocr_line' id='line_1_101' title="bbox 1778 4031 3131 4110; baseline -0.003 -18"><span class='ocrx_word' id='word_1_627' title='bbox 1778 4060 1803 4092; x_wconf 80' lang='grc' dir='ltr'><strong>α</strong></span> <span class='ocrx_word' id='word_1_628' title='bbox 1846 4041 1958 4092; x_wconf 86' lang='lat' dir='ltr'>Nec</span> <span class='ocrx_word' id='word_1_629' title='bbox 1983 4036 2159 4101; x_wconf 90' lang='lat' dir='ltr'>enim,</span> <span class='ocrx_word' id='word_1_630' title='bbox 2185 4035 2380 4110; x_wconf 78' lang='lat' dir='ltr'>inquit,</span> <span class='ocrx_word' id='word_1_631' title='bbox 2413 4031 2609 4106; x_wconf 85' lang='lat' dir='ltr'>negari</span> <span class='ocrx_word' id='word_1_632' title='bbox 2638 4038 2835 4104; x_wconf 87' lang='lat' dir='ltr'>potest,</span> <span class='ocrx_word' id='word_1_633' title='bbox 2865 4033 3007 4104; x_wconf 87' lang='lat' dir='ltr'>quin</span> <span class='ocrx_word' id='word_1_634' title='bbox 3035 4032 3131 4088; x_wconf 91' lang='lat' dir='ltr'>di·-</span> 
     </span>
     <span class='ocr_line' id='line_1_102' title="bbox 1778 4114 3133 4185; baseline -0.003 -13"><span class='ocrx_word' id='word_1_635' title='bbox 1778 4141 1803 4171; x_wconf 78' lang='lat'>«</span> <span class='ocrx_word' id='word_1_636' title='bbox 1846 4117 2059 4172; x_wconf 87' lang='lat' dir='ltr'>vinitas</span> <span class='ocrx_word' id='word_1_637' title='bbox 2078 4114 2375 4171; x_wconf 85' lang='lat' dir='ltr'>efficaciter</span> <span class='ocrx_word' id='word_1_638' title='bbox 2397 4118 2687 4185; x_wconf 77' lang='lat' dir='ltr'>operetur,</span> <span class='ocrx_word' id='word_1_639' title='bbox 2716 4117 2879 4184; x_wconf 88' lang='lat' dir='ltr'>atque</span> <span class='ocrx_word' id='word_1_640' title='bbox 2901 4119 3133 4184; x_wconf 85' lang='lat' dir='ltr'>operata</span> 
     </span>
     <span class='ocr_line' id='line_1_103' title="bbox 1779 4192 3129 4257; baseline -0.001 -7"><span class='ocrx_word' id='word_1_641' title='bbox 1779 4219 1805 4250; x_wconf 74' lang='grc' dir='ltr'><strong>α</strong></span> <span class='ocrx_word' id='word_1_642' title='bbox 1849 4195 2099 4252; x_wconf 78' lang='lat' dir='ltr'>fueritin</span> <span class='ocrx_word' id='word_1_643' title='bbox 2119 4193 2314 4250; x_wconf 90' lang='lat' dir='ltr'>anima</span> <span class='ocrx_word' id='word_1_644' title='bbox 2336 4192 2545 4248; x_wconf 90' lang='lat' dir='ltr'>Christi</span> <span class='ocrx_word' id='word_1_645' title='bbox 2569 4208 2801 4249; x_wconf 89' lang='lat' dir='ltr'>omnem</span> <span class='ocrx_word' id='word_1_646' title='bbox 2826 4193 3129 4257; x_wconf 89' lang='lat' dir='ltr'>actionem,</span> 
     </span>
     <span class='ocr_line' id='line_1_104' title="bbox 1780 4271 3135 4340; baseline -0.001 -10"><span class='ocrx_word' id='word_1_647' title='bbox 1780 4300 1807 4330; x_wconf 76' lang='lat' dir='ltr'>t(</span> <span class='ocrx_word' id='word_1_648' title='bbox 1850 4281 2090 4336; x_wconf 84' lang='lat' dir='ltr'>motum.</span> <span class='ocrx_word' id='word_1_649' title='bbox 2120 4271 2414 4330; x_wconf 88' lang='lat' dir='ltr'>assensum</span> <span class='ocrx_word' id='word_1_650' title='bbox 2442 4273 2777 4340; x_wconf 90' lang='lat' dir='ltr'>voluntatis,</span> <span class='ocrx_word' id='word_1_651' title='bbox 2807 4274 3028 4329; x_wconf 89' lang='lat' dir='ltr'>tametsi</span> <span class='ocrx_word' id='word_1_652' title='bbox 3055 4274 3135 4329; x_wconf 92' lang='lat' dir='ltr'>li-</span> 
     </span>
     <span class='ocr_line' id='line_1_105' title="bbox 1782 4352 3131 4426; baseline 0.001 -17"><span class='ocrx_word' id='word_1_653' title='bbox 1782 4378 1808 4409; x_wconf 78' lang='lat'>«</span> <span class='ocrx_word' id='word_1_654' title='bbox 1852 4355 2104 4411; x_wconf 74' lang='lat' dir='ltr'>bei-rime</span> <span class='ocrx_word' id='word_1_655' title='bbox 2155 4354 2374 4426; x_wconf 88' lang='lat' dir='ltr'>agentis</span> <span class='ocrx_word' id='word_1_656' title='bbox 2427 4374 2442 4409; x_wconf 77' lang='lat' dir='ltr'>t</span> <span class='ocrx_word' id='word_1_657' title='bbox 2497 4352 2797 4410; x_wconf 84' lang='lat' dir='ltr'>efficaciter</span> <span class='ocrx_word' id='word_1_658' title='bbox 2816 4395 2829 4418; x_wconf 95' lang='lat'>,</span> <span class='ocrx_word' id='word_1_659' title='bbox 2876 4354 3131 4425; x_wconf 82' lang='lat' dir='ltr'>inquam,</span> 
     </span>
     <span class='ocr_line' id='line_1_106' title="bbox 1784 4431 3137 4505; baseline 0.001 -16"><span class='ocrx_word' id='word_1_660' title='bbox 1784 4459 1810 4489; x_wconf 80' lang='grc' dir='ltr'><strong>α</strong></span> <span class='ocrx_word' id='word_1_661' title='bbox 1850 4434 2179 4491; x_wconf 87' lang='lat' dir='ltr'>causalitate</span> <span class='ocrx_word' id='word_1_662' title='bbox 2215 4432 2465 4505; x_wconf 84' lang='lat' dir='ltr'>physica,</span> <span class='ocrx_word' id='word_1_663' title='bbox 2490 4433 2847 4505; x_wconf 85' lang='lat' dir='ltr'>seuproprie</span> <span class='ocrx_word' id='word_1_664' title='bbox 2872 4431 3043 4489; x_wconf 87' lang='lat' dir='ltr'>dicta.</span> <span class='ocrx_word' id='word_1_665' title='bbox 3074 4436 3137 4490; x_wconf 88' lang='lat' dir='ltr'>Id</span> 
     </span>
     <span class='ocr_line' id='line_1_107' title="bbox 1785 4511 3138 4588; baseline 0.003 -21"><span class='ocrx_word' id='word_1_666' title='bbox 1785 4538 1809 4567; x_wconf 73' lang='grc' dir='ltr'>α</span> <span class='ocrx_word' id='word_1_667' title='bbox 1854 4516 2024 4588; x_wconf 88' lang='lat' dir='ltr'>plane</span> <span class='ocrx_word' id='word_1_668' title='bbox 2070 4511 2396 4585; x_wconf 85' lang='lat' dir='ltr'>significant</span> <span class='ocrx_word' id='word_1_669' title='bbox 2445 4513 2530 4566; x_wconf 62' lang='lat' dir='ltr'>hai</span> <span class='ocrx_word' id='word_1_670' title='bbox 2557 4513 2768 4568; x_wconf 89' lang='lat' dir='ltr'>Christi</span> <span class='ocrx_word' id='word_1_671' title='bbox 2798 4529 2959 4569; x_wconf 87' lang='lat' dir='ltr'>voces</span> <span class='ocrx_word' id='word_1_672' title='bbox 2988 4515 3138 4587; x_wconf 90' lang='lat' dir='ltr'>apud</span> 
     </span>
     <span class='ocr_line' id='line_1_108' title="bbox 1786 4594 3142 4666; baseline 0.001 -16"><span class='ocrx_word' id='word_1_673' title='bbox 1786 4619 1812 4650; x_wconf 76' lang='grc' dir='ltr'>α</span> <span class='ocrx_word' id='word_1_674' title='bbox 1853 4598 2016 4652; x_wconf 78' lang='lat' dir='ltr'>Joan.</span> <span class='ocrx_word' id='word_1_675' title='bbox 2043 4596 2099 4648; x_wconf 82' lang='lat'>5:</span> <span class='ocrx_word' id='word_1_676' title='bbox 2125 4597 2250 4648; x_wconf 89' lang='lat' dir='ltr'>Non</span> <span class='ocrx_word' id='word_1_677' title='bbox 2274 4608 2500 4664; x_wconf 88' lang='lat' dir='ltr'>possum</span> <span class='ocrx_word' id='word_1_678' title='bbox 2522 4608 2624 4665; x_wconf 90' lang='lat' dir='ltr'>ego</span> <span class='ocrx_word' id='word_1_679' title='bbox 2645 4610 2677 4649; x_wconf 93' lang='lat' dir='ltr'>a</span> <span class='ocrx_word' id='word_1_680' title='bbox 2699 4609 2791 4649; x_wconf 90' lang='lat' dir='ltr'>me</span> <span class='ocrx_word' id='word_1_681' title='bbox 2812 4594 2934 4666; x_wconf 88' lang='lat' dir='ltr'>ipso</span> <span class='ocrx_word' id='word_1_682' title='bbox 2958 4595 3142 4654; x_wconf 80' lang='lat' dir='ltr'>facere</span> 
     </span>
     <span class='ocr_line' id='line_1_109' title="bbox 1787 4673 3144 4748; baseline 0.001 -18"><span class='ocrx_word' id='word_1_683' title='bbox 1787 4700 1813 4729; x_wconf 85' lang='lat'>«</span> <span class='ocrx_word' id='word_1_684' title='bbox 1855 4674 2165 4748; x_wconf 87' lang='lat' dir='ltr'>quidquam</span> <span class='ocrx_word' id='word_1_685' title='bbox 2197 4677 2287 4727; x_wconf 75' lang='lat' dir='ltr'>tet</span> <span class='ocrx_word' id='word_1_686' title='bbox 2311 4687 2432 4743; x_wconf 85' lang='lat' dir='ltr'>cap.</span> <span class='ocrx_word' id='word_1_687' title='bbox 2458 4675 2492 4726; x_wconf 91' lang='lat'>8</span> <span class='ocrx_word' id='word_1_688' title='bbox 2516 4692 2528 4726; x_wconf 92' lang='lat'>:</span> <span class='ocrx_word' id='word_1_689' title='bbox 2552 4675 2596 4725; x_wconf 82' lang='grc' dir='ltr'>Α</span> <span class='ocrx_word' id='word_1_690' title='bbox 2628 4688 2720 4727; x_wconf 88' lang='lat' dir='ltr'>me</span> <span class='ocrx_word' id='word_1_691' title='bbox 2739 4674 2861 4744; x_wconf 92' lang='lat' dir='ltr'>ipso</span> <span class='ocrx_word' id='word_1_692' title='bbox 2890 4673 3032 4732; x_wconf 81' lang='lat' dir='ltr'>facio</span> <span class='ocrx_word' id='word_1_693' title='bbox 3056 4677 3144 4732; x_wconf 91' lang='lat' dir='ltr'>ni-</span> 
     </span>
     <span class='ocr_line' id='line_1_110' title="bbox 1790 4751 3139 4826; baseline 0.001 -17"><span class='ocrx_word' id='word_1_694' title='bbox 1790 4779 1815 4810; x_wconf 86' lang='lat'>«</span> <span class='ocrx_word' id='word_1_695' title='bbox 1860 4755 1943 4812; x_wconf 89' lang='lat' dir='ltr'>hil</span> <span class='ocrx_word' id='word_1_696' title='bbox 1971 4774 1983 4807; x_wconf 89' lang='lat'><strong>:</strong></span> <span class='ocrx_word' id='word_1_697' title='bbox 2007 4758 2063 4810; x_wconf 89' lang='lat' dir='ltr'>et</span> <span class='ocrx_word' id='word_1_698' title='bbox 2086 4753 2314 4807; x_wconf 84' lang='lat' dir='ltr'>iterum:</span> <span class='ocrx_word' id='word_1_699' title='bbox 2336 4751 2393 4805; x_wconf 92' lang='lat' dir='ltr'>Si</span> <span class='ocrx_word' id='word_1_700' title='bbox 2414 4767 2516 4824; x_wconf 85' lang='lat' dir='ltr'>ego</span> <span class='ocrx_word' id='word_1_701' title='bbox 2537 4751 2793 4824; x_wconf 77' lang='lat' dir='ltr'>glorifico</span> <span class='ocrx_word' id='word_1_702' title='bbox 2816 4770 2907 4808; x_wconf 89' lang='lat' dir='ltr'>me</span> <span class='ocrx_word' id='word_1_703' title='bbox 2932 4755 3139 4826; x_wconf 88' lang='lat' dir='ltr'>ipsum,</span> 
     </span>
     <span class='ocr_line' id='line_1_111' title="bbox 1790 4830 3147 4910; baseline 0.001 -21"><span class='ocrx_word' id='word_1_704' title='bbox 1790 4859 1816 4889; x_wconf 83' lang='lat'>«</span> <span class='ocrx_word' id='word_1_705' title='bbox 1859 4834 2044 4910; x_wconf 91' lang='lat' dir='ltr'>gloria</span> <span class='ocrx_word' id='word_1_706' title='bbox 2089 4847 2213 4888; x_wconf 89' lang='lat' dir='ltr'>mea</span> <span class='ocrx_word' id='word_1_707' title='bbox 2243 4830 2394 4886; x_wconf 91' lang='lat' dir='ltr'>nihil</span> <span class='ocrx_word' id='word_1_708' title='bbox 2433 4837 2519 4886; x_wconf 90' lang='lat' dir='ltr'>est</span> <span class='ocrx_word' id='word_1_709' title='bbox 2550 4855 2563 4897; x_wconf 86' lang='lat'><strong>;</strong></span> <span class='ocrx_word' id='word_1_710' title='bbox 2594 4837 2651 4888; x_wconf 91' lang='lat' dir='ltr'>et</span> <span class='ocrx_word' id='word_1_711' title='bbox 2674 4848 2797 4904; x_wconf 92' lang='lat' dir='ltr'>cap.</span> <span class='ocrx_word' id='word_1_712' title='bbox 2842 4835 2900 4888; x_wconf 82' lang='grc'>14</span> <span class='ocrx_word' id='word_1_713' title='bbox 2932 4859 2943 4890; x_wconf 73' lang='grc' dir='ltr'>ι</span> <span class='ocrx_word' id='word_1_714' title='bbox 2980 4836 3147 4894; x_wconf 86' lang='lat' dir='ltr'>Pater</span> 
     </span>
     <span class='ocr_line' id='line_1_112' title="bbox 1791 4910 3145 4986; baseline 0 -15"><span class='ocrx_word' id='word_1_715' title='bbox 1791 4939 1818 4970; x_wconf 75' lang='grc' dir='ltr'><em>α</em></span> <span class='ocrx_word' id='word_1_716' title='bbox 1861 4916 1924 4971; x_wconf 83' lang='grc' dir='ltr'>ἰη</span> <span class='ocrx_word' id='word_1_717' title='bbox 1945 4928 2038 4969; x_wconf 89' lang='lat' dir='ltr'>me</span> <span class='ocrx_word' id='word_1_718' title='bbox 2059 4927 2302 4968; x_wconf 88' lang='lat' dir='ltr'>manens</span> <span class='ocrx_word' id='word_1_719' title='bbox 2323 4910 2443 4980; x_wconf 89' lang='lat' dir='ltr'>ipse</span> <span class='ocrx_word' id='word_1_720' title='bbox 2467 4911 2598 4968; x_wconf 83' lang='lat' dir='ltr'>facit</span> <span class='ocrx_word' id='word_1_721' title='bbox 2620 4927 2791 4984; x_wconf 91' lang='lat' dir='ltr'>opera</span> <span class='ocrx_word' id='word_1_722' title='bbox 2814 4937 2826 4976; x_wconf 86' lang='lat'>;</span> <span class='ocrx_word' id='word_1_723' title='bbox 2845 4919 2897 4969; x_wconf 88' lang='lat' dir='ltr'>et</span> <span class='ocrx_word' id='word_1_724' title='bbox 2920 4931 3043 4986; x_wconf 88' lang='lat' dir='ltr'>cap.</span> <span class='ocrx_word' id='word_1_725' title='bbox 3058 4917 3145 4971; x_wconf 80' lang='lat' dir='ltr'>lo:</span> 
     </span>
     <span class='ocr_line' id='line_1_113' title="bbox 1793 4991 3148 5069; baseline 0.001 -20"><span class='ocrx_word' id='word_1_726' title='bbox 1793 5019 1819 5049; x_wconf 72' lang='grc' dir='ltr'>α</span> <span class='ocrx_word' id='word_1_727' title='bbox 1862 4998 2015 5068; x_wconf 89' lang='lat' dir='ltr'>Opus</span> <span class='ocrx_word' id='word_1_728' title='bbox 2040 4991 2451 5056; x_wconf 88' lang='lat' dir='ltr'>consummavi,</span> <span class='ocrx_word' id='word_1_729' title='bbox 2481 4991 2629 5069; x_wconf 86' lang='lat' dir='ltr'>quod</span> <span class='ocrx_word' id='word_1_730' title='bbox 2658 4991 2862 5051; x_wconf 80' lang='lat' dir='ltr'>dedisti</span> <span class='ocrx_word' id='word_1_731' title='bbox 2888 4994 3058 5061; x_wconf 86' lang='lat' dir='ltr'>mihi,</span> <span class='ocrx_word' id='word_1_732' title='bbox 3084 5001 3148 5050; x_wconf 91' lang='lat' dir='ltr'>ut</span> 
     </span>
    </p>
   </div>
  </div>
 </body>
</html>
