3647 5753
575 357 685 412 ⁴250
1582 360 1675 414 DE
1721 358 1994 414 GRATIA
2034 356 2374 413 EFFICACI.

2144 529 2276 586 346.
2309 526 2562 584 insertur
2582 531 2807 600 quarto,
2850 523 2999 598 quod
3021 520 3240 580 etiamsi
3269 523 3567 627 Deusffigffl'

575 525 1018 584 determinatam
1041 551 1053 584 z
1077 528 1224 601 quod
1245 545 1373 585 cum
1395 544 1464 586 ex
1493 535 1651 601 parte
1673 528 1772 585 Dei
1798 545 1930 601 sup-

2070 610 2133 666 in
2174 609 2444 683 praedicta
2485 607 2785 683 hypothesi
2813 607 3098 664 conferret
3138 603 3398 661 voluntati
3427 632 3556 678 tarium.

576 617 822 680 ponatur
851 609 921 666 ab
959 609 1339 676 AdversariiS,
1370 613 1610 679 mirum,
1641 617 1736 668 aut
1763 610 1930 667 inde-

575 705 707 746 cens
729 706 845 747 non
880 697 985 758 est,
1015 691 1166 764 quod
1193 709 1227 749 a
1249 692 1414 749 nobis
1435 699 1738 759 asseratur,
1769 693 1931 748 futu-

577 785 851 846 rumqesse
875 787 945 827 ex
975 777 1134 844 parte
1158 777 1450 830 creaturae.
1483 772 1641 830 Adde
1666 789 1833 840 vane,
1875 777 1932 830 et

577 854 694 907 non
723 851 802 907 ita
824 858 1234 924 consequenter
1255 853 1323 909 ad
1353 853 1636 926 principia
1660 853 1931 911 Thomis-

575 929 682 985 tica
711 945 1007 987 recurrere
1046 931 1178 988 illos
1224 932 1507 989 Authores
1536 933 1605 989 ad
1634 931 1930 991 modifica-

573 1010 788 1066 tionem
818 1026 1123 1067 concursus
1151 1011 1337 1068 divini
1375 1028 1478 1085 per
1517 1019 1786 1070 naturam
1829 1028 1934 1070 vo-

571 1090 825 1154 luntatis,
859 1092 919 1146 in
960 1107 1070 1163 qua
1099 1092 1372 1165 recipitur
1406 1113 1419 1148 ε
1461 1095 1735 1166 quoniam
1765 1093 1934 1150 auxi-

570 1170 716 1225 lium
777 1167 970 1227 efficax
1022 1172 1122 1228 Dei
1171 1187 1289 1229 non
1339 1172 1781 1241 determinatur,
1837 1177 1934 1229 aut

571 1251 933 1310 modificatur
981 1269 1081 1325 per
1129 1254 1507 1323 voluntatem,
1535 1261 1592 1312 et
1614 1255 1934 1313 voluntatis

568 1348 908 1390 concursum
931 1356 944 1398 ;
966 1332 1066 1390 sed
1089 1334 1274 1406 potius
1296 1337 1652 1393 voluntatem
1678 1337 1776 1393 Dei
1801 1335 1934 1392 sub·

568 1413 711 1486 jicit,
744 1419 799 1469 et
819 1411 887 1469 ad
913 1429 1094 1470 unum
1116 1415 1362 1487 applicat
1393 1438 1405 1472 ε
1437 1431 1540 1473 nec
1559 1421 1784 1473 tantum
1810 1432 1934 1472 res-

575 1494 710 1566 picit
753 1493 1133 1551 substantiam
1177 1497 1545 1569 operationis,
1590 1498 1688 1555 sed
1733 1512 1934 1555 omnes

571 1574 747 1631 etiam
794 1575 915 1649 ejus
961 1575 1336 1634 formalitates
1372 1578 1444 1635 de
1483 1579 1638 1635 linea
1676 1579 1847 1643 entis,
1878 1583 1935 1634 et

575 1653 765 1725 ipsum
812 1654 1045 1711 modum
1094 1655 1393 1713 libertatis.
1445 1657 1604 1722 Quod
1654 1656 1935 1731 praecipue

575 1732 987 1790 verificandum
1023 1735 1196 1791 estin
1224 1736 1472 1805 auxiliis,
1502 1744 1558 1794 et
1586 1737 1801 1794 actibus
1834 1752 1934 1793 or-

574 1813 730 1870 dinis
749 1818 1224 1889 supernaturalis,
1250 1834 1375 1890 quae
1397 1834 1498 1891 per
1520 1834 1581 1875 se
1601 1818 1935 1876 considera-

577 1910 706 1950 mus
735 1896 794 1951 in
818 1896 922 1952 hac
948 1895 1349 1969 disputatione.
1382 1897 1544 1955 Unde
1569 1899 1618 1954 si
1648 1899 1934 1955 auxilium

573 1975 768 2032 efficax
813 1993 929 2034 non
973 1977 1337 2034 descenderet
1381 1994 1414 2035 a
1456 1981 1567 2036 Deo
1609 1984 1669 2035 ut
1710 1984 1935 2052 potente

576 2056 764 2128 ipsum
794 2058 1077 2114 auxilium
1128 2073 1350 2131 negare,
1381 2064 1435 2115 et
1478 2060 1800 2133 oppositum
1830 2075 1935 2115 vo-

578 2140 820 2196 luntatis
839 2141 1180 2197 exercitium
1207 2138 1536 2212 producere,
1568 2142 1659 2198 vel
1688 2141 1934 2212 permit-

577 2227 716 2290 tere,
751 2224 944 2295 procul
970 2221 1147 2279 dubio
1194 2238 1311 2278 non
1359 2229 1544 2294 posset
1571 2228 1757 2279 actum
1786 2221 1936 2278 libe-

579 2322 709 2362 rum
753 2305 988 2370 inferre,
1037 2304 1135 2362 sed
1189 2305 1579 2362 necessitatem
1615 2304 1934 2362 absolutam

544 2418 548 2421 ·
580 2386 893 2443 induceret.

367 2491 552 2535 'remum
651 2470 777 2523 3:15.
797 2467 1043 2523 Insertur
1059 2468 1241 2534 terti0,
1255 2467 1742 2540 complicatoriam
1757 2468 1933 2525 etiam

375 2541 549 2634 ‘’3222'‘
575 2564 695 2606 esse
718 2548 878 2603 illam
920 2548 1302 2621 hypothesim,
1321 2564 1492 2621 quam
1522 2548 1699 2621 aliqui
1725 2564 1935 2622 propo-

578 2635 738 2694 nunt,
772 2626 1035 2684 videlicet
1053 2647 1071 2681 .·
1090 2627 1185 2684 An
1210 2631 1258 2683 si
1286 2627 1434 2685 Deus
1458 2636 1634 2699 ayeret
1658 2647 1729 2685 ea:
1755 2646 1935 2685 neces-

573 2713 733 2766 sitate
776 2716 1004 2775 natum,
1053 2715 1103 2763 et
1139 2717 1322 2781 partes
1363 2711 1610 2765 universi
1653 2718 1935 2766 servarent

573 2793 837 2860 ordinem,
863 2808 1018 2868 quem
1038 2791 1193 2845 modo
1219 2790 1436 2858 habent,
1467 2793 1722 2848 voluntas
1749 2803 1934 2849 creata

570 2881 748 2945 ayerct
769 2871 927 2928 libere
940 2872 970 2927 Ρ
982 2871 1125 2936 Quia
1142 2870 1340 2944 nequit
1355 2872 1687 2946 hypothesis
1707 2874 1786 2930 sic
1808 2891 1936 2947 pro·

475 2950 478 2953 ’
573 2955 726 3028 poni,
771 2954 911 3026 quin
940 2952 1002 3008 in
1043 2968 1110 3009 ea
1138 2950 1465 3009 includatur
1493 2953 1741 3010 liberum
1771 2955 1935 3012 arbi-

571 3036 770 3101 trium,
828 3033 977 3106 quod
1024 3031 1194 3089 modo
1249 3033 1495 3105 pertinet
1547 3033 1616 3090 ad
1667 3034 1933 3093 ordinem

571 3116 742 3190 hujus
797 3115 1072 3172 universi.
1131 3113 1295 3171 Unde
1339 3115 1484 3171 sicut
1518 3108 1590 3171 ex
1631 3115 1931 3190 hypothesi

575 3215 817 3256 numero
864 3196 1201 3271 praecedenti
1250 3197 1555 3269 proposita,
1587 3197 1653 3253 in
1693 3214 1804 3270 qua
1830 3215 1935 3255 ex-

574 3298 765 3355 presse
807 3281 1152 3353 supponitur
1179 3295 1525 3336 mansurum
1555 3280 1804 3337 liberum
1836 3297 1935 3338 ar-

574 3365 833 3432 bitrium,
867 3369 1174 3435 utrumque
1199 3360 1457 3434 sequitur
1499 3380 1513 3415 ε
1547 3363 1625 3419 ita
1651 3378 1722 3420 ex
1749 3364 1935 3438 hypo-

572 3446 716 3502 thesi
746 3460 899 3501 nunc
926 3442 1233 3516 proposita,
1265 3441 1328 3497 in
1354 3458 1465 3514 qua
1493 3442 1744 3499 liberum
1772 3443 1934 3500 arbi-

573 3527 773 3591 trium,
812 3530 875 3581 ut
913 3540 1043 3598 pars
1083 3524 1251 3597 hujus
1277 3523 1536 3579 universi
1577 3524 1927 3596 implicatur,

572 3607 822 3664 infertur
850 3612 1175 3676 utrumque.
1200 3607 1314 3660 Nec
1333 3605 1397 3659 in
1425 3603 1530 3660 hoc
1554 3609 1778 3676 oportet
1804 3614 1934 3660 am-

573 3690 723 3762 plius
764 3686 1089 3753 immorari,
1132 3685 1442 3758 suppositis
1498 3700 1684 3757 nuper
1741 3685 1926 3744 dictis.

571 3768 1005 3837 Observandum
1021 3771 1216 3823 tamen
1236 3765 1420 3822 obiter
1440 3770 1542 3833 est,
1576 3766 1799 3838 aliquos
1820 3770 1933 3822 Au-

568 3850 762 3908 thores
806 3849 903 3923 qui
945 3847 1218 3905 adversus
1257 3846 1632 3903 assertionem
1659 3850 1690 3916 g
1719 3862 1932 3919 praece-

568 3931 729 3988 denti
792 3928 1141 4003 propositam
1189 3928 1529 4002 allegantur,
1577 3926 1668 3982 illi
1729 3943 1933 3984 revera

574 4030 691 4070 non
736 4010 1161 4077 contrad-icere;
1207 4010 1341 4080 quia
1386 4012 1611 4064 tantum
1643 4013 1925 4075 asserunt,

567 4094 719 4168 quod
742 4095 789 4149 si
815 4095 960 4149 Deus
985 4096 1175 4166 ageret
1200 4089 1537 4155 necessario,
1577 4094 1635 4147 et
1662 4105 1931 4148 remane-

574 4183 658 4233 ret
689 4174 937 4231 liberum
977 4168 1284 4226 arbitrium
1311 4174 1587 4236 creatum,
1619 4170 1711 4226 vel
1741 4176 1931 4242 partes

570 4257 738 4331 hujus
766 4251 1026 4309 universi
1059 4248 1336 4306 haberent
1362 4248 1608 4306 eundem
1637 4248 1923 4319 ordinem,

568 4355 736 4411 quem
778 4335 949 4393 modo
976 4331 1206 4396 habent,
1237 4331 1502 4389 voluntas
1522 4336 1712 4388 creata
1737 4337 1931 4406 ageret

571 4419 769 4475 libere.
796 4414 954 4482 Quod
974 4430 1045 4472 ex
1076 4418 1236 4486 parte
1264 4428 1466 4470 verum
1487 4418 1589 4478 est,
1625 4419 1681 4470 et
1710 4430 1742 4469 a
1763 4413 1929 4470 nobis

570 4498 928 4557 admittitur:
975 4495 1110 4568 quia
1158 4493 1261 4550 illa
1298 4493 1610 4565 suppositio
1653 4499 1738 4551 est
1778 4510 1930 4551 com·

572 4580 886 4656 plicatoria,
942 4584 998 4636 et
1043 4575 1219 4633 infert
1260 4575 1723 4647 consequentiam
1770 4575 1928 4631 affir-

570 4664 871 4728 mativam,
921 4665 976 4717 et
1015 4656 1358 4732 negativam.
1390 4653 1498 4712 Sed
1543 4655 1772 4728 ipsimet
1814 4658 1929 4715 Au-

569 4744 764 4803 thores
790 4742 1012 4807 docent,
1044 4736 1193 4812 quod
1218 4739 1267 4795 si
1293 4739 1437 4793 Deus
1463 4742 1610 4793 esset
1635 4753 1807 4811 agens
1822 4752 1926 4794 ne·

567 4827 900 4892 cessarium,
933 4822 1162 4880 nullum
1189 4834 1362 4894 agens
1389 4818 1535 4874 foret
1563 4817 1811 4875 liberum
1834 4841 1846 4885 3
1870 4823 1927 4874 et

567 4907 647 4963 sic
675 4910 886 4979 negant
909 4900 1256 4967 virtualiter,
1280 4898 1430 4973 quod
1451 4899 1715 4956 voluntas
1735 4902 1929 4974 ageret

565 4986 766 5045 libere.

2067 689 2313 748 eandem
2335 690 2656 755 entitative,
2688 694 2743 745 et
2770 687 3146 745 materialiter
3172 685 3402 758 qualita-

2066 778 2183 831 tem
2238 771 2863 846 praedeterminantem,
2912 774 2969 827 et
3020 768 3398 842 applicantem,

2063 870 2235 926 quam
2267 852 2437 910 modo
2470 852 2674 909 tribuit
2719 851 2786 908 ad
2829 849 3174 908 eliciendum
3200 848 3406 906 volitio-

2065 951 2200 992 nem
2253 934 2529 1001 liberam;
2586 933 2971 990 nihilominus
3028 932 3131 987 illa
3182 930 3406 1003 qualitas
3476 929 3479 930 ’

2064 1022 2210 1072 esset
2253 1014 2484 1071 diversa
2523 1015 2866 1081 formaliter,
2916 1018 2972 1070 et
3017 1010 3314 1068 modaliter
3351 1010 3407 1066 iu

2068 1095 2291 1153 ratione
2336 1094 2617 1161 beneficii,
2668 1101 2724 1151 et
2763 1093 2990 1150 auxilii.
3044 1093 3158 1150 Hoc
3180 1092 3408 1149 corolla-

2067 1179 2224 1235 rium
2269 1183 2547 1235 consonat
2596 1176 2839 1233 omnino
2866 1179 3074 1233 nostrae
3102 1171 3404 1236 assertioni,

2066 1263 2122 1316 et
2141 1256 2353 1314 directe
2374 1256 2686 1330 opponitur
2720 1255 2982 1328 opinioni
3003 1252 3324 1310 contrariae.
3351 1253 3412 1306 Et

2064 1337 2297 1411 quidem
2318 1336 2467 1410 quod
2488 1336 2591 1393 illa
2611 1336 2856 1409 qualitas
2878 1334 3204 1392 variaretur
3222 1333 3411 1388 saltem

2067 1419 2129 1475 in
2156 1418 2376 1474 ratione
2404 1415 2687 1482 beneficii,
2729 1421 2813 1473 est
2833 1416 2971 1472 satis
3006 1414 3260 1479 evidens,
3289 1412 3413 1485 quia

2066 1504 2129 1553 ut
2156 1498 2350 1570 aliqua
2372 1512 2463 1553 res
2483 1496 2687 1553 habeat
2716 1495 2998 1552 rationem
3023 1491 3301 1557 beneficii,
3331 1491 3416 1548 de-

2068 1577 2162 1635 bet
2189 1577 2498 1650 provenire
2524 1592 2597 1633 ex
2624 1576 2829 1642 libera,
2857 1581 2913 1631 et
2937 1575 3189 1648 gratuita
3217 1573 3414 1630 volun-

2065 1663 2180 1715 tate
2201 1657 2489 1723 donantis;
2510 1655 2852 1713 beneficium
2871 1656 3081 1728 quippe
3103 1656 3286 1711 locum
3308 1668 3416 1709 nou

2068 1727 2253 1795 habe(
2265 1738 2327 1793 in
2349 1736 2590 1795 omnino
2613 1735 2948 1793 necessariis
2969 1742 3026 1792 et
3053 1741 3256 1808 praeter
3281 1732 3416 1790 dan-

2068 1821 2143 1876 tis
2166 1819 2504 1876 electionem
2542 1816 2982 1874 communicatis
3026 1837 3039 1871 :
3069 1832 3184 1889 qua
3212 1815 3419 1871 ratione

2070 1900 2200 1956 licet
2242 1900 2409 1972 plura
2456 1897 2604 1955 bona
2645 1897 2990 1970 proveniant
3024 1895 3192 1952 nobis
3217 1911 3250 1951 a
3285 1895 3414 1958 sole,

2069 1978 2454 2036 nihilominus
2478 1994 2596 2035 non
2622 1977 2835 2034 habent
2858 1977 3146 2034 rationem
3168 1973 3416 2032 beneficii

2069 2065 2236 2134 prout
2263 2074 2296 2114 a
2320 2059 2458 2123 sole,
2491 2057 2591 2114 sed
2631 2063 2799 2130 prout
2820 2073 2853 2114 a
2877 2060 3007 2125 Deo,
3039 2056 3177 2130 quia
3200 2057 3281 2112 sol
3310 2070 3419 2110 non

2070 2139 2263 2196 influit
2287 2154 2357 2195 ex
2378 2138 2668 2195 electione.
2699 2140 2846 2195 Deus
2865 2142 3057 2193 autem
3079 2138 3145 2192 in
3168 2133 3421 2209 praedicta

2069 2222 2366 2296 hypothesi
2414 2237 2530 2278 non
2577 2228 2768 2296 ageret
2806 2237 2877 2278 ex
2902 2222 3200 2286 electione,
3239 2216 3333 2276 sed
3355 2232 3422 2273 ex

2069 2303 2401 2360 necessitate
2446 2308 2684 2359 naturae.
2719 2301 2883 2359 Unde
2907 2301 3161 2375 qualitas
3189 2312 3421 2374 praemo-

2070 2401 2210 2442 vens
2237 2383 2307 2440 ab
2327 2400 2394 2442 eo
2419 2384 2764 2442 descendens
2787 2384 3116 2441 variaretur
3140 2383 3211 2440 ad
3238 2381 3423 2438 minus

2070 2467 2133 2522 in
2158 2467 2378 2524 ratione
2400 2465 2681 2539 beneficii,
2707 2466 2866 2532 Quod
2889 2472 3079 2522 autem
3102 2466 3276 2522 etiam
3298 2478 3423 2518 mu-

2069 2552 2286 2603 taretur
2308 2548 2631 2604 formaliter
2659 2548 2720 2602 in
2752 2547 2974 2602 ratione
2995 2545 3223 2610 auxilii,
3256 2543 3424 2616 liquet

2068 2643 2139 2684 ex
2165 2626 2363 2694 dictis;
2390 2645 2526 2684 nam
2554 2627 2724 2685 modo
2770 2625 3035 2700 praedicta
3061 2626 3308 2697 qualitas
3343 2626 3421 2678 est

2070 2709 2254 2767 libera
2281 2716 2340 2765 ut
2369 2728 2491 2785 quo,
2522 2710 2659 2782 quia
2685 2708 2974 2765 descendit
3002 2724 3035 2764 a
3063 2709 3179 2765 Deo
3206 2708 3422 2780 potente

2070 2790 2254 2864 ipsam
2284 2790 2585 2864 denegare,
2624 2795 2680 2846 et
2706 2788 2964 2862 opposito
2993 2788 3165 2845 modo
3188 2800 3420 2844 concur-

2072 2888 2200 2928 rere
2231 2893 2244 2927 :
2272 2888 2446 2944 quam
2495 2869 2952 2927 indifferentiam
2981 2868 3080 2926 Dei
3111 2870 3177 2927 in
3216 2863 3423 2942 agendo

2069 2952 2192 3025 ipsa
2253 2952 2553 3025 praemotio
2619 2951 2921 3024 participat
2984 2950 3317 3007 virtualiter
3363 2946 3425 3002 in

2069 3034 2408 3106 applicando
2454 3055 2467 3090 ε
2516 3032 2670 3089 unde
2723 3032 2893 3090 habet
2915 3074 2929 3099 ,
2972 3032 3125 3106 quod
3174 3046 3289 3089 non
3333 3028 3426 3083 in-

2070 3116 2218 3173 ferat
2264 3116 2657 3173 necessitatem
2701 3114 3040 3181 absolutam,
3090 3113 3193 3172 sed
3240 3112 3423 3169 solum

2069 3196 2527 3262 infallibilitatis,
2578 3193 2651 3251 ob
2689 3193 3013 3261 efficaciam,
3057 3200 3114 3251 et
3154 3194 3426 3250 immuta*

2070 3275 2353 3334 bilitatem
2393 3276 2609 3332 divinae
2655 3276 2969 3333 voluntatis
2997 3274 3216 3343 liberae,
3256 3290 3289 3331 a
3319 3286 3427 3345 qua

2067 3358 2376 3416 descendit.
2428 3359 2487 3414 Si
2536 3363 2727 3414 autem
2777 3360 2923 3415 Deus
2969 3366 3164 3433 ageret
3209 3374 3282 3415 ex
3328 3371 3427 3413 ne-

2068 3441 2324 3499 cessitate
2379 3445 2632 3506 naturae,
2692 3455 2811 3496 non
2861 3444 3202 3498 connotaret
3251 3442 3426 3495 Deum

2069 3527 2358 3595 potentem
2411 3536 2540 3578 eam
2594 3519 2881 3593 impedire
2906 3562 2920 3587 ,
2969 3526 3026 3578 et
3077 3521 3151 3578 ad
3203 3517 3431 3592 opposi-

2068 3610 2191 3660 tum
2239 3601 2577 3660 exercitium
2626 3617 3003 3669 concurrere;
3052 3601 3426 3675 quamobrem

2069 3701 2186 3743 non
2211 3688 2359 3742 esset
2385 3683 2570 3741 libera
2596 3689 2658 3739 ut
2684 3701 2808 3762 quo,
2838 3683 2974 3756 quia
3002 3684 3081 3739 ita
3109 3696 3430 3757 praemove-

2070 3771 2156 3822 ret
2202 3765 2581 3830 voluntatem,
2621 3770 2683 3820 ut
2711 3780 2814 3821 nec
2838 3765 2949 3837 ipsi
2977 3765 3288 3830 conferret,
3332 3777 3431 3817 nec

2067 3845 2131 3902 in
2159 3862 2226 3903 ea
2251 3848 2600 3918 supponeret
2617 3849 2952 3916 potestatem
2975 3844 3044 3901 ad
3065 3844 3389 3918 oppositum
3413 3863 3426 3906 ;

2067 3928 2187 3985 haec
2201 3928 2410 4001 quippe
2431 3930 2675 3998 potestas
2699 3941 2815 3982 non
2835 3925 3113 3993 subsistit,
3149 3927 3265 3984 nisi
3288 3929 3429 3982 Deus

2067 4009 2271 4067 habeat
2318 4008 2576 4065 similem
2628 4013 2983 4081 potestatem.
3043 4008 3210 4067 Unde
3255 4008 3426 4065 etiam

2066 4089 2248 4154 fieret,
2275 4086 2425 4161 quod
2439 4089 2770 4144 variaretur
2791 4088 3120 4158 modaliter;
3151 4088 3426 4164 quoniam

2065 4187 2220 4227 nunc
2239 4169 2376 4226 dicit
2404 4173 2722 4242 respectum
2753 4169 2822 4225 ad
2847 4172 3025 4227 Deum
3054 4176 3331 4245 tanquam
3358 4164 3427 4223 ad

2064 4266 2291 4308 causam
2322 4249 2586 4316 liberam,
2612 4249 2770 4322 cujus
2798 4249 3123 4308 libertatem
3154 4247 3427 4308 virtuali-

2063 4339 2170 4399 ter,
2202 4338 2258 4388 et
2304 4338 2365 4388 ut
2402 4349 2506 4409 quo
2535 4332 2837 4404 participat
2868 4354 2881 4389 ε
2913 4332 3049 4390 tunc
3089 4340 3285 4392 autem
3312 4332 3426 4387 im-

2065 4416 2316 4484 portaret
2360 4410 2761 4468 habitudinem
2811 4412 2881 4469 ad
2928 4416 3107 4470 Deum
3149 4420 3424 4485 tanquam

2063 4492 2134 4549 ad
2173 4507 2400 4548 causam
2445 4493 2848 4561 necessariam,
2892 4495 3050 4568 cujus
3079 4493 3326 4566 proinde
3352 4493 3427 4548 li-

2063 4572 2340 4630 bertatem
2372 4586 2555 4644 neque
2580 4579 2639 4628 ut
2671 4573 2831 4650 quod,
2871 4590 3053 4647 neque
3081 4580 3141 4631 ut
3168 4593 3276 4651 quo
3299 4589 3428 4647 pos·

2060 4660 2148 4710 set
2170 4653 2530 4726 participare,
2556 4654 2653 4710 sed
2682 4654 2867 4727 potius
2894 4655 3297 4713 omnimodam
3325 4669 3427 4711 ne—

2059 4734 2377 4790 cessitatem
2401 4735 2465 4789 in
2489 4735 2791 4792 movendo.
2818 4738 2954 4800 Quae
2975 4736 3222 4794 variatio
3242 4736 3427 4809 potius

2060 4815 2387 4891 splenderet
2417 4817 2480 4873 in
2503 4817 2592 4872 his
2613 4817 2984 4885 motionibus,
3010 4835 3184 4891 quam
3208 4821 3273 4876 in
3296 4817 3427 4875 aliis

2060 4897 2350 4955 effectibus
2391 4896 2698 4965 absolutis3
2751 4914 2884 4955 nam
2934 4900 3267 4975 hujusmodi
3308 4914 3426 4957 mo·

2060 4979 2246 5038 tiones
2264 4995 2325 5037 se
2346 4979 2558 5037 habent
2586 4978 2656 5036 ad
2679 4980 2864 5039 instar
2884 4982 3270 5051 causalitatis;
3299 4998 3425 5039 cau*

3220 5063 3417 5121 salitas
