<?xml version="1.0" encoding="UTF-8"?>
<!DOCTYPE html PUBLIC "-//W3C//DTD XHTML 1.0 Transitional//EN"
    "http://www.w3.org/TR/xhtml1/DTD/xhtml1-transitional.dtd">
<html xmlns="http://www.w3.org/1999/xhtml" xml:lang="en" lang="en">
 <head>
  <title>
</title>
<meta http-equiv="Content-Type" content="text/html;charset=utf-8" />
  <meta name='ocr-system' content='tesseract 3.04.00' />
  <meta name='ocr-capabilities' content='ocr_page ocr_carea ocr_par ocr_line ocrx_word'/>
</head>
<body>
  <div class='ocr_page' id='page_1' title='image "./collegiisalmant00carmgoog_0332.png"; bbox 0 0 3647 5753; ppageno 0'>
   <div class='ocr_carea' id='block_1_1' title="bbox 477 352 2373 419">
    <p class='ocr_par' dir='ltr' id='par_1_1' title="bbox 477 352 2373 419">
     <span class='ocr_line' id='line_1_1' title="bbox 477 352 2373 419; baseline 0.001 -10"><span class='ocrx_word' id='word_1_1' title='bbox 477 356 586 409; x_wconf 88' lang='lat'><strong>310</strong></span> <span class='ocrx_word' id='word_1_2' title='bbox 1419 352 1511 405; x_wconf 88' lang='lat' dir='ltr'><strong>DE</strong></span> <span class='ocrx_word' id='word_1_3' title='bbox 1548 353 2128 419; x_wconf 82' lang='lat' dir='ltr'><strong>JUSTIFICATIONE</strong></span> <span class='ocrx_word' id='word_1_4' title='bbox 2171 356 2373 410; x_wconf 79' lang='lat' dir='ltr'>1MP11.</span> 
     </span>
    </p>
   </div>
   <div class='ocr_carea' id='block_1_2' title="bbox 237 522 1832 5038">
    <p class='ocr_par' dir='ltr' id='par_1_2' title="bbox 237 522 1832 5038">
     <span class='ocr_line' id='line_1_2' title="bbox 475 522 1832 596; baseline 0 -16"><span class='ocrx_word' id='word_1_5' title='bbox 475 539 621 580; x_wconf 88' lang='lat' dir='ltr'><strong>mus.</strong></span> <span class='ocrx_word' id='word_1_6' title='bbox 684 524 960 594; x_wconf 76' lang='lat' dir='ltr'><strong>Arguitur</strong></span> <span class='ocrx_word' id='word_1_7' title='bbox 1001 536 1138 594; x_wconf 83' lang='lat' dir='ltr'><strong>ergo</strong></span> <span class='ocrx_word' id='word_1_8' title='bbox 1190 522 1379 594; x_wconf 90' lang='lat' dir='ltr'><strong>primo</strong></span> <span class='ocrx_word' id='word_1_9' title='bbox 1438 522 1832 596; x_wconf 87' lang='lat' dir='ltr'><strong>impugnando</strong></span> 
     </span>
     <span class='ocr_line' id='line_1_3' title="bbox 468 604 1831 679; baseline 0.001 -19"><span class='ocrx_word' id='word_1_10' title='bbox 468 605 680 661; x_wconf 84' lang='lat' dir='ltr'>directe</span> <span class='ocrx_word' id='word_1_11' title='bbox 696 610 951 660; x_wconf 89' lang='lat' dir='ltr'><strong>nostram</strong></span> <span class='ocrx_word' id='word_1_12' title='bbox 981 604 1357 661; x_wconf 80' lang='lat' dir='ltr'>assertionem</span> <span class='ocrx_word' id='word_1_13' title='bbox 1393 625 1406 659; x_wconf 90' lang='lat'><strong>:</strong></span> <span class='ocrx_word' id='word_1_14' title='bbox 1434 621 1572 660; x_wconf 88' lang='lat' dir='ltr'><strong>nam</strong></span> <span class='ocrx_word' id='word_1_15' title='bbox 1593 604 1653 661; x_wconf 93' lang='lat' dir='ltr'><strong>id</strong></span> <span class='ocrx_word' id='word_1_16' title='bbox 1679 605 1831 679; x_wconf 92' lang='lat' dir='ltr'><strong>quod</strong></span> 
     </span>
     <span class='ocr_line' id='line_1_4' title="bbox 465 686 1828 760; baseline 0.001 -17"><span class='ocrx_word' id='word_1_17' title='bbox 465 693 550 744; x_wconf 88' lang='lat' dir='ltr'><strong>est</strong></span> <span class='ocrx_word' id='word_1_18' title='bbox 577 702 759 759; x_wconf 83' lang='lat' dir='ltr'><strong>poeua,</strong></span> <span class='ocrx_word' id='word_1_19' title='bbox 795 687 990 758; x_wconf 87' lang='lat' dir='ltr'><strong>nequit</strong></span> <span class='ocrx_word' id='word_1_20' title='bbox 1018 702 1141 743; x_wconf 91' lang='lat' dir='ltr'><strong>esse</strong></span> <span class='ocrx_word' id='word_1_21' title='bbox 1184 687 1351 760; x_wconf 91' lang='lat' dir='ltr'><strong>culpa</strong></span> <span class='ocrx_word' id='word_1_22' title='bbox 1384 707 1396 743; x_wconf 90' lang='lat'>:</span> <span class='ocrx_word' id='word_1_23' title='bbox 1425 686 1524 743; x_wconf 89' lang='lat' dir='ltr'><strong>sed</strong></span> <span class='ocrx_word' id='word_1_24' title='bbox 1576 688 1828 759; x_wconf 82' lang='lat' dir='ltr'>privatio</span> 
     </span>
     <span class='ocr_line' id='line_1_5' title="bbox 464 768 1832 843; baseline 0.001 -19"><span class='ocrx_word' id='word_1_25' title='bbox 464 768 663 843; x_wconf 83' lang='lat' dir='ltr'><strong>gratiae</strong></span> <span class='ocrx_word' id='word_1_26' title='bbox 690 771 774 824; x_wconf 91' lang='lat' dir='ltr'><strong>est</strong></span> <span class='ocrx_word' id='word_1_27' title='bbox 804 783 973 841; x_wconf 90' lang='lat' dir='ltr'><strong>poena</strong></span> <span class='ocrx_word' id='word_1_28' title='bbox 1019 768 1226 841; x_wconf 91' lang='lat' dir='ltr'><strong>peccati</strong></span> <span class='ocrx_word' id='word_1_29' title='bbox 1262 789 1274 822; x_wconf 88' lang='lat'>:</span> <span class='ocrx_word' id='word_1_30' title='bbox 1304 783 1441 842; x_wconf 87' lang='lat' dir='ltr'><strong>ergo</strong></span> <span class='ocrx_word' id='word_1_31' title='bbox 1470 768 1667 840; x_wconf 90' lang='lat' dir='ltr'><strong>nequit</strong></span> <span class='ocrx_word' id='word_1_32' title='bbox 1708 785 1832 827; x_wconf 84' lang='lat' dir='ltr'><strong>esse</strong></span> 
     </span>
     <span class='ocr_line' id='line_1_6' title="bbox 465 846 1830 924; baseline -0.001 -16"><span class='ocrx_word' id='word_1_33' title='bbox 465 852 633 924; x_wconf 89' lang='lat' dir='ltr'><strong>culpa</strong></span> <span class='ocrx_word' id='word_1_34' title='bbox 663 865 829 923; x_wconf 87' lang='lat' dir='ltr'><strong>:ergo</strong></span> <span class='ocrx_word' id='word_1_35' title='bbox 875 854 1160 921; x_wconf 90' lang='lat' dir='ltr'><strong>peccatum</strong></span> <span class='ocrx_word' id='word_1_36' title='bbox 1189 846 1486 905; x_wconf 89' lang='lat' dir='ltr'><strong>habituale</strong></span> <span class='ocrx_word' id='word_1_37' title='bbox 1537 851 1735 922; x_wconf 92' lang='lat' dir='ltr'><strong>nequit</strong></span> <span class='ocrx_word' id='word_1_38' title='bbox 1767 851 1830 907; x_wconf 90' lang='lat' dir='ltr'><strong>in</strong></span> 
     </span>
     <span class='ocr_line' id='line_1_7' title="bbox 470 928 1831 1005; baseline -0.001 -17"><span class='ocrx_word' id='word_1_39' title='bbox 470 930 793 1005; x_wconf 88' lang='lat' dir='ltr'><strong>privatione</strong></span> <span class='ocrx_word' id='word_1_40' title='bbox 818 928 1015 1004; x_wconf 82' lang='lat' dir='ltr'><strong>gratiae</strong></span> <span class='ocrx_word' id='word_1_41' title='bbox 1053 929 1380 986; x_wconf 84' lang='lat' dir='ltr'><strong>consistere.</strong></span> <span class='ocrx_word' id='word_1_42' title='bbox 1422 930 1674 1002; x_wconf 89' lang='lat' dir='ltr'><strong>Utraque</strong></span> <span class='ocrx_word' id='word_1_43' title='bbox 1700 946 1831 988; x_wconf 90' lang='lat' dir='ltr'><strong>con-</strong></span> 
     </span>
     <span class='ocr_line' id='line_1_8' title="bbox 468 1012 1828 1087; baseline -0.001 -17"><span class='ocrx_word' id='word_1_44' title='bbox 468 1012 764 1087; x_wconf 82' lang='lat' dir='ltr'><strong>sequentia</strong></span> <span class='ocrx_word' id='word_1_45' title='bbox 801 1017 970 1084; x_wconf 88' lang='lat' dir='ltr'><strong>patet.</strong></span> <span class='ocrx_word' id='word_1_46' title='bbox 995 1012 1189 1068; x_wconf 88' lang='lat' dir='ltr'><strong>Minor</strong></span> <span class='ocrx_word' id='word_1_47' title='bbox 1215 1026 1354 1068; x_wconf 92' lang='lat' dir='ltr'><strong>vero</strong></span> <span class='ocrx_word' id='word_1_48' title='bbox 1374 1015 1459 1068; x_wconf 91' lang='lat' dir='ltr'><strong>est</strong></span> <span class='ocrx_word' id='word_1_49' title='bbox 1483 1017 1664 1072; x_wconf 81' lang='lat' dir='ltr'><strong>certa;</strong></span> <span class='ocrx_word' id='word_1_50' title='bbox 1691 1028 1828 1069; x_wconf 91' lang='lat' dir='ltr'><strong>nam</strong></span> 
     </span>
     <span class='ocr_line' id='line_1_9' title="bbox 470 1093 1829 1169; baseline -0.003 -15"><span class='ocrx_word' id='word_1_51' title='bbox 470 1101 617 1154; x_wconf 87' lang='lat' dir='ltr'><strong>Deus</strong></span> <span class='ocrx_word' id='word_1_52' title='bbox 632 1096 820 1169; x_wconf 89' lang='lat' dir='ltr'><strong>privat</strong></span> <span class='ocrx_word' id='word_1_53' title='bbox 848 1110 951 1150; x_wconf 90' lang='lat' dir='ltr'><strong>nos</strong></span> <span class='ocrx_word' id='word_1_54' title='bbox 966 1110 1067 1149; x_wconf 89' lang='lat' dir='ltr'><strong>sua</strong></span> <span class='ocrx_word' id='word_1_55' title='bbox 1094 1094 1295 1167; x_wconf 87' lang='lat' dir='ltr'><strong>gratia,</strong></span> <span class='ocrx_word' id='word_1_56' title='bbox 1323 1098 1380 1150; x_wconf 86' lang='lat' dir='ltr'><strong>et</strong></span> <span class='ocrx_word' id='word_1_57' title='bbox 1401 1093 1673 1162; x_wconf 88' lang='lat' dir='ltr'><strong>amicitia,</strong></span> <span class='ocrx_word' id='word_1_58' title='bbox 1691 1093 1829 1167; x_wconf 85' lang='lat' dir='ltr'><strong>quia</strong></span> 
     </span>
     <span class='ocr_line' id='line_1_10' title="bbox 272 1172 1828 1249; baseline -0.002 -15"><span class='ocrx_word' id='word_1_59' title='bbox 272 1174 435 1220; x_wconf 74' lang='lat' dir='ltr'><strong>⁰·Th0·</strong></span> <span class='ocrx_word' id='word_1_60' title='bbox 469 1175 825 1249; x_wconf 81' lang='lat' dir='ltr'><strong>peccavimus</strong></span> <span class='ocrx_word' id='word_1_61' title='bbox 851 1177 946 1229; x_wconf 88' lang='lat' dir='ltr'><strong>:et</strong></span> <span class='ocrx_word' id='word_1_62' title='bbox 981 1173 1063 1229; x_wconf 92' lang='lat' dir='ltr'><strong>sic</strong></span> <span class='ocrx_word' id='word_1_63' title='bbox 1105 1172 1264 1230; x_wconf 86' lang='lat' dir='ltr'><strong>docet</strong></span> <span class='ocrx_word' id='word_1_64' title='bbox 1308 1176 1374 1230; x_wconf 93' lang='lat' dir='ltr'><strong>D.</strong></span> <span class='ocrx_word' id='word_1_65' title='bbox 1405 1173 1609 1231; x_wconf 89' lang='lat' dir='ltr'><strong>Thom.</strong></span> <span class='ocrx_word' id='word_1_66' title='bbox 1652 1189 1828 1246; x_wconf 89' lang='lat' dir='ltr'><strong>supra</strong></span> 
     </span>
     <span class='ocr_line' id='line_1_11' title="bbox 467 1257 1825 1333; baseline 0 -19"><span class='ocrx_word' id='word_1_67' title='bbox 467 1265 645 1332; x_wconf 60' lang='lat' dir='ltr'><strong>quast.</strong></span> <span class='ocrx_word' id='word_1_68' title='bbox 673 1260 763 1322; x_wconf 82' lang='lat'><strong>85,</strong></span> <span class='ocrx_word' id='word_1_69' title='bbox 788 1264 899 1312; x_wconf 80' lang='lat' dir='ltr'><strong>art.</strong></span> <span class='ocrx_word' id='word_1_70' title='bbox 926 1257 979 1321; x_wconf 87' lang='grc'><strong>3,</strong></span> <span class='ocrx_word' id='word_1_71' title='bbox 1004 1264 1053 1310; x_wconf 82' lang='lat' dir='ltr'><strong>et</strong></span> <span class='ocrx_word' id='word_1_72' title='bbox 1073 1264 1255 1333; x_wconf 61' lang='lat' dir='ltr'><strong>quast.</strong></span> <span class='ocrx_word' id='word_1_73' title='bbox 1290 1261 1332 1323; x_wconf 92' lang='lat' dir='ltr'><strong>l,</strong></span> <span class='ocrx_word' id='word_1_74' title='bbox 1360 1257 1424 1313; x_wconf 82' lang='lat' dir='ltr'><strong>de</strong></span> <span class='ocrx_word' id='word_1_75' title='bbox 1450 1257 1624 1324; x_wconf 81' lang='lat' dir='ltr'><strong>Male,</strong></span> <span class='ocrx_word' id='word_1_76' title='bbox 1648 1266 1760 1314; x_wconf 81' lang='lat' dir='ltr'><strong>art.</strong></span> <span class='ocrx_word' id='word_1_77' title='bbox 1789 1259 1825 1313; x_wconf 85' lang='lat'>4</span> 
     </span>
     <span class='ocr_line' id='line_1_12' title="bbox 467 1336 1822 1411; baseline 0 -17"><span class='ocrx_word' id='word_1_78' title='bbox 467 1339 543 1395; x_wconf 81' lang='lat' dir='ltr'><strong>ad</strong></span> <span class='ocrx_word' id='word_1_79' title='bbox 561 1341 615 1406; x_wconf 89' lang='lat'><strong>5,</strong></span> <span class='ocrx_word' id='word_1_80' title='bbox 646 1345 701 1396; x_wconf 91' lang='lat' dir='ltr'><strong>et</strong></span> <span class='ocrx_word' id='word_1_81' title='bbox 728 1336 868 1394; x_wconf 88' lang='lat' dir='ltr'><strong>alibi</strong></span> <span class='ocrx_word' id='word_1_82' title='bbox 896 1352 1066 1408; x_wconf 81' lang='lat' dir='ltr'><strong>saepe.</strong></span> <span class='ocrx_word' id='word_1_83' title='bbox 1085 1337 1270 1410; x_wconf 80' lang='lat' dir='ltr'><strong>MaJ&#39;or</strong></span> <span class='ocrx_word' id='word_1_84' title='bbox 1296 1342 1487 1395; x_wconf 89' lang='lat' dir='ltr'><strong>autem</strong></span> <span class='ocrx_word' id='word_1_85' title='bbox 1515 1340 1822 1411; x_wconf 87' lang='lat' dir='ltr'><strong>probatur:</strong></span> 
     </span>
     <span class='ocr_line' id='line_1_13' title="bbox 467 1417 1826 1491; baseline -0.001 -14"><span class='ocrx_word' id='word_1_86' title='bbox 467 1437 603 1478; x_wconf 90' lang='lat' dir='ltr'><strong>nam</strong></span> <span class='ocrx_word' id='word_1_87' title='bbox 625 1421 695 1477; x_wconf 93' lang='lat' dir='ltr'><strong>de</strong></span> <span class='ocrx_word' id='word_1_88' title='bbox 717 1421 937 1477; x_wconf 92' lang='lat' dir='ltr'><strong>ratione</strong></span> <span class='ocrx_word' id='word_1_89' title='bbox 966 1424 1143 1490; x_wconf 78' lang='lat' dir='ltr'><strong>poenae</strong></span> <span class='ocrx_word' id='word_1_90' title='bbox 1167 1417 1432 1491; x_wconf 87' lang='lat' dir='ltr'><strong>est‚quod</strong></span> <span class='ocrx_word' id='word_1_91' title='bbox 1447 1420 1527 1475; x_wconf 85' lang='lat' dir='ltr'><strong>sit</strong></span> <span class='ocrx_word' id='word_1_92' title='bbox 1548 1421 1826 1479; x_wconf 91' lang='lat' dir='ltr'><strong>involun—</strong></span> 
     </span>
     <span class='ocr_line' id='line_1_14' title="bbox 465 1498 1825 1572; baseline -0.001 -13"><span class='ocrx_word' id='word_1_93' title='bbox 465 1502 633 1567; x_wconf 90' lang='lat' dir='ltr'><strong>taria,</strong></span> <span class='ocrx_word' id='word_1_94' title='bbox 687 1516 787 1556; x_wconf 90' lang='lat' dir='ltr'><strong>seu</strong></span> <span class='ocrx_word' id='word_1_95' title='bbox 821 1498 1105 1556; x_wconf 90' lang='lat' dir='ltr'><strong>voluntati</strong></span> <span class='ocrx_word' id='word_1_96' title='bbox 1148 1513 1474 1572; x_wconf 79' lang='lat' dir='ltr'><strong>repugnans</strong></span> <span class='ocrx_word' id='word_1_97' title='bbox 1508 1505 1601 1556; x_wconf 87' lang='lat' dir='ltr'><strong>:at</strong></span> <span class='ocrx_word' id='word_1_98' title='bbox 1626 1499 1697 1556; x_wconf 93' lang='lat' dir='ltr'><strong>de</strong></span> <span class='ocrx_word' id='word_1_99' title='bbox 1736 1516 1825 1557; x_wconf 89' lang='lat' dir='ltr'><strong>ra·</strong></span> 
     </span>
     <span class='ocr_line' id='line_1_15' title="bbox 467 1579 1822 1654; baseline 0.001 -17"><span class='ocrx_word' id='word_1_100' title='bbox 467 1584 620 1640; x_wconf 90' lang='lat' dir='ltr'><strong>tione</strong></span> <span class='ocrx_word' id='word_1_101' title='bbox 647 1581 826 1654; x_wconf 78' lang='lat' dir='ltr'><strong>culpae</strong></span> <span class='ocrx_word' id='word_1_102' title='bbox 850 1585 952 1647; x_wconf 90' lang='lat' dir='ltr'><strong>est,</strong></span> <span class='ocrx_word' id='word_1_103' title='bbox 976 1579 1124 1653; x_wconf 91' lang='lat' dir='ltr'><strong>quod</strong></span> <span class='ocrx_word' id='word_1_104' title='bbox 1151 1580 1227 1636; x_wconf 87' lang='lat' dir='ltr'><strong>sit</strong></span> <span class='ocrx_word' id='word_1_105' title='bbox 1251 1581 1597 1646; x_wconf 89' lang='lat' dir='ltr'><strong>voluntaria,</strong></span> <span class='ocrx_word' id='word_1_106' title='bbox 1622 1582 1745 1639; x_wconf 88' lang='lat' dir='ltr'><strong>sive</strong></span> <span class='ocrx_word' id='word_1_107' title='bbox 1788 1597 1822 1638; x_wconf 86' lang='lat' dir='ltr'><strong>a</strong></span> 
     </span>
     <span class='ocr_line' id='line_1_16' title="bbox 466 1660 1822 1735; baseline -0.001 -17"><span class='ocrx_word' id='word_1_108' title='bbox 466 1664 759 1721; x_wconf 88' lang='lat' dir='ltr'><strong>voluntate</strong></span> <span class='ocrx_word' id='word_1_109' title='bbox 806 1660 1113 1734; x_wconf 86' lang='lat' dir='ltr'><strong>procedens</strong></span> <span class='ocrx_word' id='word_1_110' title='bbox 1163 1682 1176 1716; x_wconf 72' lang='grc' dir='ltr'><strong><em>ι</em></strong></span> <span class='ocrx_word' id='word_1_111' title='bbox 1205 1676 1341 1735; x_wconf 86' lang='lat' dir='ltr'><strong>ergo</strong></span> <span class='ocrx_word' id='word_1_112' title='bbox 1384 1661 1444 1716; x_wconf 92' lang='lat' dir='ltr'><strong>id</strong></span> <span class='ocrx_word' id='word_1_113' title='bbox 1470 1704 1483 1729; x_wconf 97' lang='lat'><strong>,</strong></span> <span class='ocrx_word' id='word_1_114' title='bbox 1536 1661 1686 1735; x_wconf 91' lang='lat' dir='ltr'><strong>quod</strong></span> <span class='ocrx_word' id='word_1_115' title='bbox 1737 1665 1822 1719; x_wconf 88' lang='lat' dir='ltr'><strong>est</strong></span> 
     </span>
     <span class='ocr_line' id='line_1_17' title="bbox 464 1742 1821 1818; baseline -0.001 -17"><span class='ocrx_word' id='word_1_116' title='bbox 464 1760 648 1818; x_wconf 87' lang='lat' dir='ltr'><strong>poena,</strong></span> <span class='ocrx_word' id='word_1_117' title='bbox 682 1743 878 1817; x_wconf 90' lang='lat' dir='ltr'><strong>nequit</strong></span> <span class='ocrx_word' id='word_1_118' title='bbox 916 1758 1037 1799; x_wconf 91' lang='lat' dir='ltr'><strong>esse</strong></span> <span class='ocrx_word' id='word_1_119' title='bbox 1088 1743 1273 1815; x_wconf 88' lang='lat' dir='ltr'><strong>culpa.</strong></span> <span class='ocrx_word' id='word_1_120' title='bbox 1317 1742 1482 1800; x_wconf 89' lang='lat' dir='ltr'><strong>Unde</strong></span> <span class='ocrx_word' id='word_1_121' title='bbox 1519 1744 1821 1818; x_wconf 87' lang='lat' dir='ltr'><strong>Angelicus</strong></span> 
     </span>
     <span class='ocr_line' id='line_1_18' title="bbox 268 1814 1813 1900; baseline -0.001 -19"><span class='ocrx_word' id='word_1_122' title='bbox 268 1814 426 1859; x_wconf 70' lang='lat'><strong>⁰·‘1&#39;¹¹⁰·</strong></span> <span class='ocrx_word' id='word_1_123' title='bbox 462 1829 665 1882; x_wconf 82' lang='lat' dir='ltr'><strong>Doctor</strong></span> <span class='ocrx_word' id='word_1_124' title='bbox 707 1827 767 1879; x_wconf 70' lang='lat' dir='ltr'><strong>in</strong></span> <span class='ocrx_word' id='word_1_125' title='bbox 791 1826 847 1889; x_wconf 80' lang='lat'><strong>2,</strong></span> <span class='ocrx_word' id='word_1_126' title='bbox 896 1824 1141 1887; x_wconf 55' lang='lat' dir='ltr'><strong>deuse,</strong></span> <span class='ocrx_word' id='word_1_127' title='bbox 1184 1831 1365 1900; x_wconf 59' lang='lat' dir='ltr'><strong>quast.</strong></span> <span class='ocrx_word' id='word_1_128' title='bbox 1390 1825 1446 1891; x_wconf 81' lang='lat'><strong>2,</strong></span> <span class='ocrx_word' id='word_1_129' title='bbox 1470 1831 1579 1880; x_wconf 82' lang='lat' dir='ltr'><strong>art.</strong></span> <span class='ocrx_word' id='word_1_130' title='bbox 1615 1824 1813 1890; x_wconf 68' lang='lat' dir='ltr'><strong>lade,</strong></span> 
     </span>
     <span class='ocr_line' id='line_1_19' title="bbox 463 1904 1818 1980; baseline -0.001 -16"><span class='ocrx_word' id='word_1_131' title='bbox 463 1907 651 1980; x_wconf 88' lang='lat' dir='ltr'><strong>inquit</strong></span> <span class='ocrx_word' id='word_1_132' title='bbox 677 1928 689 1962; x_wconf 92' lang='lat'>:</span> <span class='ocrx_word' id='word_1_133' title='bbox 735 1905 987 1962; x_wconf 71' lang='lat' dir='ltr'><strong>privatio</strong></span> <span class='ocrx_word' id='word_1_134' title='bbox 1008 1907 1200 1975; x_wconf 59' lang='lat' dir='ltr'><strong>qratia</strong></span> <span class='ocrx_word' id='word_1_135' title='bbox 1219 1922 1328 1960; x_wconf 83' lang='lat' dir='ltr'><strong>non</strong></span> <span class='ocrx_word' id='word_1_136' title='bbox 1369 1904 1526 1960; x_wconf 79' lang='lat' dir='ltr'><strong>habet</strong></span> <span class='ocrx_word' id='word_1_137' title='bbox 1550 1908 1818 1962; x_wconf 81' lang='lat' dir='ltr'><strong>rationem</strong></span> 
     </span>
     <span class='ocr_line' id='line_1_20' title="bbox 459 1987 1748 2061; baseline -0.002 -18"><span class='ocrx_word' id='word_1_138' title='bbox 459 1989 645 2061; x_wconf 58' lang='lat' dir='ltr'><strong>culpas,</strong></span> <span class='ocrx_word' id='word_1_139' title='bbox 675 1987 767 2043; x_wconf 79' lang='lat' dir='ltr'><strong>sed</strong></span> <span class='ocrx_word' id='word_1_140' title='bbox 791 2003 973 2059; x_wconf 70' lang='lat' dir='ltr'><strong>poenae.</strong></span> <span class='ocrx_word' id='word_1_141' title='bbox 1745 2054 1748 2057; x_wconf 14' lang='grc' dir='ltr'>Ἴ</span> 
     </span>
     <span class='ocr_line' id='line_1_21' title="bbox 268 2064 1814 2138; baseline 0.002 -20"><span class='ocrx_word' id='word_1_142' title='bbox 268 2076 429 2134; x_wconf 66' lang='lat' dir='ltr'><strong>conar-</strong></span> <span class='ocrx_word' id='word_1_143' title='bbox 534 2065 938 2131; x_wconf 82' lang='lat' dir='ltr'><strong>confirmatur,</strong></span> <span class='ocrx_word' id='word_1_144' title='bbox 964 2065 1099 2138; x_wconf 91' lang='lat' dir='ltr'><strong>quia</strong></span> <span class='ocrx_word' id='word_1_145' title='bbox 1129 2064 1374 2137; x_wconf 80' lang='lat' dir='ltr'><strong>privatio</strong></span> <span class='ocrx_word' id='word_1_146' title='bbox 1393 2065 1593 2138; x_wconf 81' lang='lat' dir='ltr'><strong>gratiae</strong></span> <span class='ocrx_word' id='word_1_147' title='bbox 1616 2081 1814 2122; x_wconf 88' lang='lat' dir='ltr'><strong>secun-</strong></span> 
     </span>
     <span class='ocr_line' id='line_1_22' title="bbox 270 2130 1816 2205; baseline -0.001 0"><span class='ocrx_word' id='word_1_148' title='bbox 270 2130 408 2170; x_wconf 72' lang='lat' dir='ltr'><strong>m³¹¹⁰·</strong></span> <span class='ocrx_word' id='word_1_149' title='bbox 457 2148 596 2204; x_wconf 91' lang='lat' dir='ltr'><strong>dum</strong></span> <span class='ocrx_word' id='word_1_150' title='bbox 623 2163 856 2205; x_wconf 88' lang='lat' dir='ltr'><strong>omnem</strong></span> <span class='ocrx_word' id='word_1_151' title='bbox 878 2161 1041 2202; x_wconf 91' lang='lat' dir='ltr'><strong>suam</strong></span> <span class='ocrx_word' id='word_1_152' title='bbox 1062 2145 1345 2202; x_wconf 90' lang='lat' dir='ltr'><strong>rationem</strong></span> <span class='ocrx_word' id='word_1_153' title='bbox 1366 2151 1630 2201; x_wconf 79' lang='lat' dir='ltr'><strong>causatur</strong></span> <span class='ocrx_word' id='word_1_154' title='bbox 1651 2162 1685 2202; x_wconf 91' lang='lat' dir='ltr'><strong>a</strong></span> <span class='ocrx_word' id='word_1_155' title='bbox 1705 2147 1816 2203; x_wconf 86' lang='lat' dir='ltr'><strong>Deo</strong></span> 
     </span>
     <span class='ocr_line' id='line_1_23' title="bbox 454 2225 1815 2301; baseline -0.001 -17"><span class='ocrx_word' id='word_1_156' title='bbox 454 2226 836 2301; x_wconf 89' lang='lat' dir='ltr'><strong>suspendente</strong></span> <span class='ocrx_word' id='word_1_157' title='bbox 856 2241 1193 2284; x_wconf 88' lang='lat' dir='ltr'><strong>concursum</strong></span> <span class='ocrx_word' id='word_1_158' title='bbox 1210 2225 1675 2283; x_wconf 84' lang='lat' dir='ltr'><strong>conservativum</strong></span> <span class='ocrx_word' id='word_1_159' title='bbox 1690 2241 1815 2299; x_wconf 88' lang='lat' dir='ltr'><strong>gra-</strong></span> 
     </span>
     <span class='ocr_line' id='line_1_24' title="bbox 453 2305 1816 2381; baseline -0.001 -18"><span class='ocrx_word' id='word_1_160' title='bbox 453 2310 548 2366; x_wconf 80' lang='lat' dir='ltr'><strong>tiae</strong></span> <span class='ocrx_word' id='word_1_161' title='bbox 570 2308 901 2374; x_wconf 88' lang='lat' dir='ltr'><strong>habitualis,</strong></span> <span class='ocrx_word' id='word_1_162' title='bbox 926 2323 1099 2381; x_wconf 90' lang='lat' dir='ltr'><strong>quam</strong></span> <span class='ocrx_word' id='word_1_163' title='bbox 1123 2307 1244 2378; x_wconf 89' lang='lat' dir='ltr'><strong>ipse</strong></span> <span class='ocrx_word' id='word_1_164' title='bbox 1265 2308 1431 2366; x_wconf 86' lang='lat' dir='ltr'><strong>unice</strong></span> <span class='ocrx_word' id='word_1_165' title='bbox 1454 2305 1729 2379; x_wconf 87' lang='lat' dir='ltr'><strong>producit,</strong></span> <span class='ocrx_word' id='word_1_166' title='bbox 1759 2312 1816 2365; x_wconf 87' lang='lat' dir='ltr'><strong>et</strong></span> 
     </span>
     <span class='ocr_line' id='line_1_25' title="bbox 451 2386 1814 2461; baseline -0.002 -15"><span class='ocrx_word' id='word_1_167' title='bbox 451 2395 751 2447; x_wconf 87' lang='lat' dir='ltr'><strong>conservat</strong></span> <span class='ocrx_word' id='word_1_168' title='bbox 782 2413 795 2449; x_wconf 68' lang='grc' dir='ltr'><strong>ς</strong></span> <span class='ocrx_word' id='word_1_169' title='bbox 820 2388 918 2445; x_wconf 92' lang='lat' dir='ltr'><strong>sed</strong></span> <span class='ocrx_word' id='word_1_170' title='bbox 939 2386 1087 2461; x_wconf 93' lang='lat' dir='ltr'><strong>quod</strong></span> <span class='ocrx_word' id='word_1_171' title='bbox 1108 2393 1375 2444; x_wconf 86' lang='lat' dir='ltr'><strong>causatur</strong></span> <span class='ocrx_word' id='word_1_172' title='bbox 1397 2404 1430 2443; x_wconf 93' lang='lat' dir='ltr'><strong>a</strong></span> <span class='ocrx_word' id='word_1_173' title='bbox 1451 2390 1584 2452; x_wconf 91' lang='lat' dir='ltr'><strong>Deo,</strong></span> <span class='ocrx_word' id='word_1_174' title='bbox 1618 2389 1814 2460; x_wconf 89' lang='lat' dir='ltr'><strong>nequit</strong></span> 
     </span>
     <span class='ocr_line' id='line_1_26' title="bbox 451 2466 1810 2541; baseline -0.002 -15"><span class='ocrx_word' id='word_1_175' title='bbox 451 2485 573 2526; x_wconf 89' lang='lat' dir='ltr'><strong>esse</strong></span> <span class='ocrx_word' id='word_1_176' title='bbox 593 2470 777 2541; x_wconf 89' lang='lat' dir='ltr'><strong>culpa,</strong></span> <span class='ocrx_word' id='word_1_177' title='bbox 810 2468 953 2524; x_wconf 90' lang='lat' dir='ltr'><strong>alias</strong></span> <span class='ocrx_word' id='word_1_178' title='bbox 975 2468 1092 2524; x_wconf 80' lang='lat' dir='ltr'><strong>haec</strong></span> <span class='ocrx_word' id='word_1_179' title='bbox 1114 2468 1177 2523; x_wconf 90' lang='lat' dir='ltr'><strong>in</strong></span> <span class='ocrx_word' id='word_1_180' title='bbox 1198 2468 1368 2523; x_wconf 90' lang='lat' dir='ltr'><strong>illum</strong></span> <span class='ocrx_word' id='word_1_181' title='bbox 1400 2466 1765 2524; x_wconf 89' lang='lat' dir='ltr'><strong>reduceretur</strong></span> <span class='ocrx_word' id='word_1_182' title='bbox 1796 2488 1810 2523; x_wconf 75' lang='grc' dir='ltr'><strong><em>ε</em></strong></span> 
     </span>
     <span class='ocr_line' id='line_1_27' title="bbox 453 2546 1645 2623; baseline -0.003 -17"><span class='ocrx_word' id='word_1_183' title='bbox 453 2565 589 2623; x_wconf 87' lang='lat' dir='ltr'><strong>ergo</strong></span> <span class='ocrx_word' id='word_1_184' title='bbox 613 2548 861 2621; x_wconf 84' lang='lat' dir='ltr'><strong>privatio</strong></span> <span class='ocrx_word' id='word_1_185' title='bbox 885 2548 1084 2620; x_wconf 81' lang='lat' dir='ltr'><strong>gratiae</strong></span> <span class='ocrx_word' id='word_1_186' title='bbox 1104 2547 1302 2619; x_wconf 89' lang='lat' dir='ltr'><strong>nequit</strong></span> <span class='ocrx_word' id='word_1_187' title='bbox 1321 2562 1442 2603; x_wconf 86' lang='lat' dir='ltr'><strong>esse</strong></span> <span class='ocrx_word' id='word_1_188' title='bbox 1462 2546 1645 2619; x_wconf 91' lang='lat' dir='ltr'><strong>culpa.</strong></span> 
     </span>
     <span class='ocr_line' id='line_1_28' title="bbox 237 2626 1811 2701; baseline -0.003 -15"><span class='ocrx_word' id='word_1_189' title='bbox 237 2643 427 2686; x_wconf 78' lang='lat' dir='ltr'><strong>occurri·</strong></span> <span class='ocrx_word' id='word_1_190' title='bbox 522 2626 923 2701; x_wconf 64' lang='lat' dir='ltr'><strong>,Respondetur</strong></span> <span class='ocrx_word' id='word_1_191' title='bbox 944 2626 1013 2683; x_wconf 87' lang='lat' dir='ltr'><strong>ad</strong></span> <span class='ocrx_word' id='word_1_192' title='bbox 1035 2631 1454 2700; x_wconf 85' lang='lat' dir='ltr'><strong>argumentum.</strong></span> <span class='ocrx_word' id='word_1_193' title='bbox 1484 2626 1633 2699; x_wconf 93' lang='lat' dir='ltr'><strong>quod</strong></span> <span class='ocrx_word' id='word_1_194' title='bbox 1676 2643 1811 2700; x_wconf 90' lang='lat' dir='ltr'><strong>gra-—</strong></span> 
     </span>
     <span class='ocr_line' id='line_1_29' title="bbox 243 2696 1808 2785; baseline -0.001 -20"><span class='ocrx_word' id='word_1_195' title='bbox 243 2696 442 2785; x_wconf 50' lang='lat' dir='ltr'><strong>‘fflfflffi</strong></span> <span class='ocrx_word' id='word_1_196' title='bbox 454 2709 535 2765; x_wconf 90' lang='lat' dir='ltr'><strong>tia</strong></span> <span class='ocrx_word' id='word_1_197' title='bbox 548 2705 915 2763; x_wconf 85' lang='lat' dir='ltr'><strong>sanctificans</strong></span> <span class='ocrx_word' id='word_1_198' title='bbox 941 2711 1122 2778; x_wconf 88' lang='lat' dir='ltr'><strong>potest</strong></span> <span class='ocrx_word' id='word_1_199' title='bbox 1141 2704 1410 2761; x_wconf 87' lang='lat' dir='ltr'><strong>bifariam</strong></span> <span class='ocrx_word' id='word_1_200' title='bbox 1426 2704 1775 2765; x_wconf 88' lang='lat' dir='ltr'><strong>considerari</strong></span> <span class='ocrx_word' id='word_1_201' title='bbox 1795 2729 1808 2763; x_wconf 69' lang='grc' dir='ltr'><strong>ε</strong></span> 
     </span>
     <span class='ocr_line' id='line_1_30' title="bbox 457 2786 1811 2862; baseline -0.001 -17"><span class='ocrx_word' id='word_1_202' title='bbox 457 2790 647 2862; x_wconf 89' lang='lat' dir='ltr'><strong>primo</strong></span> <span class='ocrx_word' id='word_1_203' title='bbox 684 2791 963 2860; x_wconf 87' lang='lat' dir='ltr'><strong>quatenus</strong></span> <span class='ocrx_word' id='word_1_204' title='bbox 1002 2786 1385 2842; x_wconf 88' lang='lat' dir='ltr'><strong>communicat</strong></span> <span class='ocrx_word' id='word_1_205' title='bbox 1436 2786 1647 2842; x_wconf 79' lang='lat' dir='ltr'><strong>animae</strong></span> <span class='ocrx_word' id='word_1_206' title='bbox 1688 2803 1811 2845; x_wconf 86' lang='lat' dir='ltr'><strong>esse</strong></span> 
     </span>
     <span class='ocr_line' id='line_1_31' title="bbox 452 2866 1810 2943; baseline 0.001 -16"><span class='ocrx_word' id='word_1_207' title='bbox 452 2870 739 2935; x_wconf 90' lang='lat' dir='ltr'><strong>divinum,</strong></span> <span class='ocrx_word' id='word_1_208' title='bbox 790 2875 845 2925; x_wconf 92' lang='lat' dir='ltr'><strong>et</strong></span> <span class='ocrx_word' id='word_1_209' title='bbox 888 2885 1015 2925; x_wconf 89' lang='lat' dir='ltr'><strong>eam</strong></span> <span class='ocrx_word' id='word_1_210' title='bbox 1064 2866 1282 2941; x_wconf 86' lang='lat' dir='ltr'><strong>perficit</strong></span> <span class='ocrx_word' id='word_1_211' title='bbox 1327 2869 1390 2925; x_wconf 92' lang='lat' dir='ltr'><strong>in</strong></span> <span class='ocrx_word' id='word_1_212' title='bbox 1430 2869 1651 2941; x_wconf 87' lang='lat' dir='ltr'><strong>seipsa;</strong></span> <span class='ocrx_word' id='word_1_213' title='bbox 1698 2887 1810 2943; x_wconf 88' lang='lat' dir='ltr'><strong>quo</strong></span> 
     </span>
     <span class='ocr_line' id='line_1_32' title="bbox 452 2947 1807 3024; baseline 0 -16"><span class='ocrx_word' id='word_1_214' title='bbox 452 2955 612 3024; x_wconf 89' lang='lat' dir='ltr'><strong>pacto</strong></span> <span class='ocrx_word' id='word_1_215' title='bbox 636 2956 738 3016; x_wconf 88' lang='lat' dir='ltr'><strong>est,</strong></span> <span class='ocrx_word' id='word_1_216' title='bbox 770 2955 849 3007; x_wconf 86' lang='lat' dir='ltr'><strong>et·</strong></span> <span class='ocrx_word' id='word_1_217' title='bbox 876 2949 1088 3006; x_wconf 89' lang='lat' dir='ltr'><strong>dicitur</strong></span> <span class='ocrx_word' id='word_1_218' title='bbox 1128 2947 1342 3005; x_wconf 89' lang='lat' dir='ltr'><strong>bonum</strong></span> <span class='ocrx_word' id='word_1_219' title='bbox 1393 2949 1648 3006; x_wconf 86' lang='lat' dir='ltr'><strong>hominis</strong></span> <span class='ocrx_word' id='word_1_220' title='bbox 1675 2968 1689 3002; x_wconf 79' lang='lat' dir='ltr'><strong><em>z</em></strong></span> <span class='ocrx_word' id='word_1_221' title='bbox 1715 2967 1807 3008; x_wconf 90' lang='lat' dir='ltr'><strong>se-</strong></span> 
     </span>
     <span class='ocr_line' id='line_1_33' title="bbox 444 3029 1808 3105; baseline -0.001 -16"><span class='ocrx_word' id='word_1_222' title='bbox 444 3032 633 3089; x_wconf 87' lang='lat' dir='ltr'><strong>cundo</strong></span> <span class='ocrx_word' id='word_1_223' title='bbox 675 3038 955 3105; x_wconf 89' lang='lat' dir='ltr'><strong>quatenus</strong></span> <span class='ocrx_word' id='word_1_224' title='bbox 994 3029 1220 3104; x_wconf 86' lang='lat' dir='ltr'><strong>subjicit</strong></span> <span class='ocrx_word' id='word_1_225' title='bbox 1266 3030 1525 3087; x_wconf 88' lang='lat' dir='ltr'><strong>animam</strong></span> <span class='ocrx_word' id='word_1_226' title='bbox 1569 3034 1695 3100; x_wconf 85' lang='lat' dir='ltr'><strong>Deo,</strong></span> <span class='ocrx_word' id='word_1_227' title='bbox 1745 3039 1808 3088; x_wconf 93' lang='lat' dir='ltr'><strong>ut</strong></span> 
     </span>
     <span class='ocr_line' id='line_1_34' title="bbox 446 3110 1807 3185; baseline 0 -17"><span class='ocrx_word' id='word_1_228' title='bbox 446 3113 653 3170; x_wconf 89' lang='lat' dir='ltr'><strong>ultimo</strong></span> <span class='ocrx_word' id='word_1_229' title='bbox 679 3111 781 3168; x_wconf 89' lang='lat' dir='ltr'><strong>fini</strong></span> <span class='ocrx_word' id='word_1_230' title='bbox 804 3136 817 3178; x_wconf 89' lang='lat'>;</span> <span class='ocrx_word' id='word_1_231' title='bbox 842 3128 952 3185; x_wconf 92' lang='lat' dir='ltr'><strong>qua</strong></span> <span class='ocrx_word' id='word_1_232' title='bbox 982 3111 1204 3167; x_wconf 89' lang='lat' dir='ltr'><strong>ratione</strong></span> <span class='ocrx_word' id='word_1_233' title='bbox 1229 3116 1312 3167; x_wconf 90' lang='lat' dir='ltr'><strong>est</strong></span> <span class='ocrx_word' id='word_1_234' title='bbox 1334 3110 1549 3168; x_wconf 91' lang='lat' dir='ltr'><strong>bonum</strong></span> <span class='ocrx_word' id='word_1_235' title='bbox 1587 3113 1705 3170; x_wconf 90' lang='lat' dir='ltr'><strong>Dei.</strong></span> <span class='ocrx_word' id='word_1_236' title='bbox 1738 3115 1807 3168; x_wconf 87' lang='lat' dir='ltr'><strong>Et</strong></span> 
     </span>
     <span class='ocr_line' id='line_1_35' title="bbox 442 3193 1806 3268; baseline 0 -17"><span class='ocrx_word' id='word_1_237' title='bbox 442 3193 844 3252; x_wconf 84' lang='lat' dir='ltr'><strong>eodemmodo</strong></span> <span class='ocrx_word' id='word_1_238' title='bbox 892 3194 1139 3266; x_wconf 86' lang='lat' dir='ltr'><strong>privatio</strong></span> <span class='ocrx_word' id='word_1_239' title='bbox 1165 3193 1362 3267; x_wconf 76' lang='lat' dir='ltr'><strong>gratiae</strong></span> <span class='ocrx_word' id='word_1_240' title='bbox 1390 3199 1569 3266; x_wconf 88' lang='lat' dir='ltr'><strong>potest</strong></span> <span class='ocrx_word' id='word_1_241' title='bbox 1608 3194 1806 3268; x_wconf 85' lang='lat' dir='ltr'><strong>dupli·-</strong></span> 
     </span>
     <span class='ocr_line' id='line_1_36' title="bbox 445 3273 1803 3347; baseline 0.001 -16"><span class='ocrx_word' id='word_1_242' title='bbox 445 3275 589 3332; x_wconf 91' lang='lat' dir='ltr'><strong>citer</strong></span> <span class='ocrx_word' id='word_1_243' title='bbox 627 3274 977 3331; x_wconf 89' lang='lat' dir='ltr'><strong>considerari</strong></span> <span class='ocrx_word' id='word_1_244' title='bbox 1003 3291 1016 3326; x_wconf 88' lang='lat'><strong>:</strong></span> <span class='ocrx_word' id='word_1_245' title='bbox 1040 3290 1153 3331; x_wconf 92' lang='lat' dir='ltr'><strong>uno</strong></span> <span class='ocrx_word' id='word_1_246' title='bbox 1179 3273 1349 3331; x_wconf 89' lang='lat' dir='ltr'><strong>modo</strong></span> <span class='ocrx_word' id='word_1_247' title='bbox 1382 3280 1662 3347; x_wconf 89' lang='lat' dir='ltr'><strong>quatenus</strong></span> <span class='ocrx_word' id='word_1_248' title='bbox 1700 3279 1803 3332; x_wconf 84' lang='lat' dir='ltr'><strong>ex&#39;-</strong></span> 
     </span>
     <span class='ocr_line' id='line_1_37' title="bbox 446 3354 1803 3429; baseline 0.001 -18"><span class='ocrx_word' id='word_1_249' title='bbox 446 3355 624 3412; x_wconf 92' lang='lat' dir='ltr'><strong>cludit</strong></span> <span class='ocrx_word' id='word_1_250' title='bbox 641 3354 1047 3429; x_wconf 90' lang='lat' dir='ltr'><strong>subjectionem</strong></span> <span class='ocrx_word' id='word_1_251' title='bbox 1069 3354 1418 3412; x_wconf 82' lang='lat' dir='ltr'><strong>habitualem</strong></span> <span class='ocrx_word' id='word_1_252' title='bbox 1451 3356 1707 3413; x_wconf 89' lang='lat' dir='ltr'><strong>hominis</strong></span> <span class='ocrx_word' id='word_1_253' title='bbox 1732 3357 1803 3413; x_wconf 91' lang='lat' dir='ltr'><strong>ad</strong></span> 
     </span>
     <span class='ocr_line' id='line_1_38' title="bbox 448 3436 1802 3507; baseline 0.002 -17"><span class='ocrx_word' id='word_1_254' title='bbox 448 3437 661 3503; x_wconf 91' lang='lat' dir='ltr'><strong>Deum;</strong></span> <span class='ocrx_word' id='word_1_255' title='bbox 708 3442 766 3492; x_wconf 90' lang='lat' dir='ltr'><strong>et</strong></span> <span class='ocrx_word' id='word_1_256' title='bbox 791 3436 893 3492; x_wconf 91' lang='lat' dir='ltr'><strong>hoc</strong></span> <span class='ocrx_word' id='word_1_257' title='bbox 940 3441 1096 3507; x_wconf 89' lang='lat' dir='ltr'><strong>pacto</strong></span> <span class='ocrx_word' id='word_1_258' title='bbox 1140 3440 1224 3492; x_wconf 90' lang='lat' dir='ltr'><strong>est</strong></span> <span class='ocrx_word' id='word_1_259' title='bbox 1275 3436 1498 3492; x_wconf 87' lang='lat' dir='ltr'><strong>malum</strong></span> <span class='ocrx_word' id='word_1_260' title='bbox 1551 3437 1671 3502; x_wconf 92' lang='lat' dir='ltr'><strong>Dei,</strong></span> <span class='ocrx_word' id='word_1_261' title='bbox 1701 3452 1802 3494; x_wconf 91' lang='lat' dir='ltr'><strong>seu</strong></span> 
     </span>
     <span class='ocr_line' id='line_1_39' title="bbox 444 3514 1801 3588; baseline 0.001 -16"><span class='ocrx_word' id='word_1_262' title='bbox 444 3522 642 3573; x_wconf 89' lang='lat' dir='ltr'><strong>contra</strong></span> <span class='ocrx_word' id='word_1_263' title='bbox 671 3518 865 3583; x_wconf 89' lang='lat' dir='ltr'><strong>Deum,</strong></span> <span class='ocrx_word' id='word_1_264' title='bbox 889 3521 945 3572; x_wconf 92' lang='lat' dir='ltr'><strong>et</strong></span> <span class='ocrx_word' id='word_1_265' title='bbox 967 3514 1133 3572; x_wconf 88' lang='lat' dir='ltr'><strong>habet</strong></span> <span class='ocrx_word' id='word_1_266' title='bbox 1155 3516 1437 3574; x_wconf 89' lang='lat' dir='ltr'><strong>rationem</strong></span> <span class='ocrx_word' id='word_1_267' title='bbox 1464 3516 1643 3588; x_wconf 80' lang='lat' dir='ltr'><strong>culpae</strong></span> <span class='ocrx_word' id='word_1_268' title='bbox 1671 3533 1683 3567; x_wconf 74' lang='grc' dir='ltr'><strong><em>ε</em></strong></span> <span class='ocrx_word' id='word_1_269' title='bbox 1712 3518 1801 3573; x_wconf 91' lang='lat' dir='ltr'><strong>al-</strong></span> 
     </span>
     <span class='ocr_line' id='line_1_40' title="bbox 442 3594 1799 3669; baseline 0.002 -19"><span class='ocrx_word' id='word_1_270' title='bbox 442 3601 566 3654; x_wconf 89' lang='lat' dir='ltr'><strong>tero</strong></span> <span class='ocrx_word' id='word_1_271' title='bbox 586 3594 754 3653; x_wconf 90' lang='lat' dir='ltr'><strong>modo</strong></span> <span class='ocrx_word' id='word_1_272' title='bbox 771 3600 1051 3669; x_wconf 90' lang='lat' dir='ltr'><strong>quatenus</strong></span> <span class='ocrx_word' id='word_1_273' title='bbox 1069 3595 1319 3652; x_wconf 82' lang='lat' dir='ltr'><strong>excludit</strong></span> <span class='ocrx_word' id='word_1_274' title='bbox 1341 3594 1411 3651; x_wconf 87' lang='lat' dir='ltr'><strong>ab</strong></span> <span class='ocrx_word' id='word_1_275' title='bbox 1434 3596 1633 3653; x_wconf 90' lang='lat' dir='ltr'><strong>anima</strong></span> <span class='ocrx_word' id='word_1_276' title='bbox 1652 3610 1799 3664; x_wconf 73' lang='lat' dir='ltr'><strong>esse,</strong></span> 
     </span>
     <span class='ocr_line' id='line_1_41' title="bbox 441 3676 1802 3751; baseline -0.001 -18"><span class='ocrx_word' id='word_1_277' title='bbox 441 3682 497 3734; x_wconf 90' lang='lat' dir='ltr'><strong>et</strong></span> <span class='ocrx_word' id='word_1_278' title='bbox 525 3676 947 3750; x_wconf 77' lang='lat' dir='ltr'><strong>perfectionem,</strong></span> <span class='ocrx_word' id='word_1_279' title='bbox 979 3693 1150 3749; x_wconf 90' lang='lat' dir='ltr'><strong>quam</strong></span> <span class='ocrx_word' id='word_1_280' title='bbox 1177 3677 1364 3751; x_wconf 87' lang='lat' dir='ltr'><strong>gratia</strong></span> <span class='ocrx_word' id='word_1_281' title='bbox 1403 3677 1511 3749; x_wconf 91' lang='lat' dir='ltr'><strong>ipsi</strong></span> <span class='ocrx_word' id='word_1_282' title='bbox 1535 3693 1802 3733; x_wconf 91' lang='lat' dir='ltr'><strong>commu-</strong></span> 
     </span>
     <span class='ocr_line' id='line_1_42' title="bbox 447 3756 1794 3825; baseline -0.001 -12"><span class='ocrx_word' id='word_1_283' title='bbox 447 3756 672 3813; x_wconf 89' lang='lat' dir='ltr'><strong>nicabat</strong></span> <span class='ocrx_word' id='word_1_284' title='bbox 692 3781 705 3822; x_wconf 89' lang='grc'>;</span> <span class='ocrx_word' id='word_1_285' title='bbox 728 3762 783 3813; x_wconf 92' lang='lat' dir='ltr'><strong>et</strong></span> <span class='ocrx_word' id='word_1_286' title='bbox 810 3758 914 3814; x_wconf 89' lang='lat' dir='ltr'><strong>hac</strong></span> <span class='ocrx_word' id='word_1_287' title='bbox 937 3758 1159 3815; x_wconf 90' lang='lat' dir='ltr'><strong>ratione</strong></span> <span class='ocrx_word' id='word_1_288' title='bbox 1172 3764 1259 3814; x_wconf 88' lang='lat' dir='ltr'><strong>est</strong></span> <span class='ocrx_word' id='word_1_289' title='bbox 1273 3759 1494 3814; x_wconf 90' lang='lat' dir='ltr'><strong>malum</strong></span> <span class='ocrx_word' id='word_1_290' title='bbox 1518 3758 1794 3825; x_wconf 87' lang='lat' dir='ltr'><strong>hominis,</strong></span> 
     </span>
     <span class='ocr_line' id='line_1_43' title="bbox 443 3836 1796 3910; baseline -0.001 -16"><span class='ocrx_word' id='word_1_291' title='bbox 443 3842 500 3894; x_wconf 91' lang='lat' dir='ltr'><strong>et</strong></span> <span class='ocrx_word' id='word_1_292' title='bbox 522 3836 688 3893; x_wconf 89' lang='lat' dir='ltr'><strong>habet</strong></span> <span class='ocrx_word' id='word_1_293' title='bbox 731 3838 1010 3894; x_wconf 89' lang='lat' dir='ltr'><strong>rationem</strong></span> <span class='ocrx_word' id='word_1_294' title='bbox 1054 3853 1251 3910; x_wconf 85' lang='lat' dir='ltr'><strong>poenae.</strong></span> <span class='ocrx_word' id='word_1_295' title='bbox 1287 3836 1449 3894; x_wconf 89' lang='lat' dir='ltr'><strong>Unde</strong></span> <span class='ocrx_word' id='word_1_296' title='bbox 1491 3838 1555 3894; x_wconf 90' lang='lat' dir='ltr'><strong>in</strong></span> <span class='ocrx_word' id='word_1_297' title='bbox 1599 3838 1796 3894; x_wconf 90' lang='lat' dir='ltr'><strong>eadem</strong></span> 
     </span>
     <span class='ocr_line' id='line_1_44' title="bbox 447 3916 1793 3991; baseline 0.002 -19"><span class='ocrx_word' id='word_1_298' title='bbox 447 3916 770 3989; x_wconf 89' lang='lat' dir='ltr'><strong>privatione</strong></span> <span class='ocrx_word' id='word_1_299' title='bbox 785 3917 980 3991; x_wconf 83' lang='lat' dir='ltr'><strong>gratiae</strong></span> <span class='ocrx_word' id='word_1_300' title='bbox 994 3916 1320 3973; x_wconf 89' lang='lat' dir='ltr'><strong>coincidunt</strong></span> <span class='ocrx_word' id='word_1_301' title='bbox 1336 3918 1585 3973; x_wconf 91' lang='lat' dir='ltr'><strong>rationes</strong></span> <span class='ocrx_word' id='word_1_302' title='bbox 1597 3919 1793 3991; x_wconf 79' lang='lat' dir='ltr'><strong>culpae,</strong></span> 
     </span>
     <span class='ocr_line' id='line_1_45' title="bbox 444 3994 1792 4069; baseline 0 -16"><span class='ocrx_word' id='word_1_303' title='bbox 444 4001 502 4053; x_wconf 84' lang='lat' dir='ltr'><strong>et</strong></span> <span class='ocrx_word' id='word_1_304' title='bbox 527 4013 706 4069; x_wconf 79' lang='lat' dir='ltr'><strong>poenae</strong></span> <span class='ocrx_word' id='word_1_305' title='bbox 744 3995 1055 4053; x_wconf 88' lang='lat' dir='ltr'><strong>secundum</strong></span> <span class='ocrx_word' id='word_1_306' title='bbox 1103 3994 1358 4052; x_wconf 89' lang='lat' dir='ltr'><strong>diversas</strong></span> <span class='ocrx_word' id='word_1_307' title='bbox 1396 3996 1792 4065; x_wconf 80' lang='lat' dir='ltr'><strong>formalitates,</strong></span> 
     </span>
     <span class='ocr_line' id='line_1_46' title="bbox 257 4077 1799 4149; baseline 0.001 -17"><span class='ocrx_word' id='word_1_308' title='bbox 257 4091 389 4137; x_wconf 79' lang='lat' dir='ltr'><strong>mem.</strong></span> <span class='ocrx_word' id='word_1_309' title='bbox 447 4081 509 4132; x_wconf 91' lang='lat' dir='ltr'><strong>ut</strong></span> <span class='ocrx_word' id='word_1_310' title='bbox 534 4077 722 4134; x_wconf 93' lang='lat' dir='ltr'><strong>docuit</strong></span> <span class='ocrx_word' id='word_1_311' title='bbox 744 4080 810 4132; x_wconf 91' lang='lat' dir='ltr'><strong>D.</strong></span> <span class='ocrx_word' id='word_1_312' title='bbox 838 4077 1043 4134; x_wconf 88' lang='lat' dir='ltr'><strong>Thom.</strong></span> <span class='ocrx_word' id='word_1_313' title='bbox 1067 4083 1248 4149; x_wconf 73' lang='lat' dir='ltr'><strong>quaest.</strong></span> <span class='ocrx_word' id='word_1_314' title='bbox 1272 4078 1428 4132; x_wconf 78' lang='lat' dir='ltr'><strong>citat.</strong></span> <span class='ocrx_word' id='word_1_315' title='bbox 1456 4077 1519 4132; x_wconf 83' lang='lat' dir='ltr'><strong>de</strong></span> <span class='ocrx_word' id='word_1_316' title='bbox 1539 4077 1711 4146; x_wconf 85' lang='lat' dir='ltr'><strong>Malo,</strong></span> <span class='ocrx_word' id='word_1_317' title='bbox 1737 4081 1799 4134; x_wconf 75' lang='lat' dir='ltr'><strong>in</strong></span> 
     </span>
     <span class='ocr_line' id='line_1_47' title="bbox 441 4154 1796 4231; baseline 0.001 -18"><span class='ocrx_word' id='word_1_318' title='bbox 441 4175 583 4231; x_wconf 80' lang='lat' dir='ltr'><strong>resp.</strong></span> <span class='ocrx_word' id='word_1_319' title='bbox 601 4159 676 4214; x_wconf 88' lang='lat' dir='ltr'><strong>ad</strong></span> <span class='ocrx_word' id='word_1_320' title='bbox 704 4158 846 4224; x_wconf 87' lang='lat' dir='ltr'><strong>l,his</strong></span> <span class='ocrx_word' id='word_1_321' title='bbox 865 4154 1077 4212; x_wconf 86' lang='lat' dir='ltr'><strong>verbis:</strong></span> <span class='ocrx_word' id='word_1_322' title='bbox 1095 4156 1251 4213; x_wconf 84' lang='lat' dir='ltr'><strong>Idem</strong></span> <span class='ocrx_word' id='word_1_323' title='bbox 1269 4158 1562 4213; x_wconf 79' lang='lat' dir='ltr'><strong>secundum</strong></span> <span class='ocrx_word' id='word_1_324' title='bbox 1580 4159 1796 4215; x_wconf 78' lang='lat' dir='ltr'><strong>diversa</strong></span> 
     </span>
     <span class='ocr_line' id='line_1_48' title="bbox 438 4239 1796 4314; baseline 0.001 -18"><span class='ocrx_word' id='word_1_325' title='bbox 438 4248 608 4314; x_wconf 78' lang='lat' dir='ltr'><strong>potest</strong></span> <span class='ocrx_word' id='word_1_326' title='bbox 633 4258 741 4295; x_wconf 77' lang='lat' dir='ltr'><strong>esse</strong></span> <span class='ocrx_word' id='word_1_327' title='bbox 779 4247 827 4294; x_wconf 83' lang='lat' dir='ltr'><strong>el</strong></span> <span class='ocrx_word' id='word_1_328' title='bbox 848 4239 1028 4311; x_wconf 77' lang='lat' dir='ltr'><strong>culpa,</strong></span> <span class='ocrx_word' id='word_1_329' title='bbox 1075 4247 1125 4293; x_wconf 80' lang='lat' dir='ltr'><strong>et</strong></span> <span class='ocrx_word' id='word_1_330' title='bbox 1145 4257 1309 4312; x_wconf 81' lang='lat' dir='ltr'><strong>poena</strong></span> <span class='ocrx_word' id='word_1_331' title='bbox 1323 4256 1466 4307; x_wconf 67' lang='lat' dir='ltr'><strong>mon</strong></span> <span class='ocrx_word' id='word_1_332' title='bbox 1503 4247 1684 4297; x_wconf 82' lang='lat' dir='ltr'><strong>tamen</strong></span> <span class='ocrx_word' id='word_1_333' title='bbox 1709 4260 1796 4298; x_wconf 86' lang='lat' dir='ltr'><strong>se-</strong></span> 
     </span>
     <span class='ocr_line' id='line_1_49' title="bbox 441 4319 1794 4378; baseline 0.002 -3"><span class='ocrx_word' id='word_1_334' title='bbox 441 4321 680 4376; x_wconf 82' lang='lat' dir='ltr'><strong>cundum</strong></span> <span class='ocrx_word' id='word_1_335' title='bbox 701 4320 861 4374; x_wconf 80' lang='lat' dir='ltr'><strong>idem.</strong></span> <span class='ocrx_word' id='word_1_336' title='bbox 893 4320 961 4373; x_wconf 88' lang='lat' dir='ltr'><strong>Et</strong></span> <span class='ocrx_word' id='word_1_337' title='bbox 1004 4320 1065 4373; x_wconf 82' lang='lat' dir='ltr'><strong>in</strong></span> <span class='ocrx_word' id='word_1_338' title='bbox 1093 4319 1204 4374; x_wconf 84' lang='lat' dir='ltr'><strong>loco</strong></span> <span class='ocrx_word' id='word_1_339' title='bbox 1229 4322 1322 4376; x_wconf 81' lang='lat' dir='ltr'><strong>cit.</strong></span> <span class='ocrx_word' id='word_1_340' title='bbox 1346 4337 1416 4374; x_wconf 68' lang='lat' dir='ltr'><strong>ecc</strong></span> <span class='ocrx_word' id='word_1_341' title='bbox 1437 4323 1472 4376; x_wconf 81' lang='lat'>2</span> <span class='ocrx_word' id='word_1_342' title='bbox 1493 4319 1645 4377; x_wconf 70' lang='lat' dir='ltr'><strong>Seni.</strong></span> <span class='ocrx_word' id='word_1_343' title='bbox 1678 4337 1794 4378; x_wconf 86' lang='lat' dir='ltr'><strong>non</strong></span> 
     </span>
     <span class='ocr_line' id='line_1_50' title="bbox 440 4398 1795 4474; baseline 0.002 -19"><span class='ocrx_word' id='word_1_344' title='bbox 440 4398 593 4455; x_wconf 88' lang='lat' dir='ltr'><strong>stetit</strong></span> <span class='ocrx_word' id='word_1_345' title='bbox 620 4399 681 4454; x_wconf 90' lang='lat' dir='ltr'><strong>in</strong></span> <span class='ocrx_word' id='word_1_346' title='bbox 706 4398 894 4454; x_wconf 86' lang='lat' dir='ltr'><strong>verbis</strong></span> <span class='ocrx_word' id='word_1_347' title='bbox 918 4399 1130 4464; x_wconf 88' lang='lat' dir='ltr'><strong>relatis,</strong></span> <span class='ocrx_word' id='word_1_348' title='bbox 1155 4398 1252 4456; x_wconf 90' lang='lat' dir='ltr'><strong>sed</strong></span> <span class='ocrx_word' id='word_1_349' title='bbox 1275 4399 1469 4473; x_wconf 89' lang='lat' dir='ltr'><strong>adjicit</strong></span> <span class='ocrx_word' id='word_1_350' title='bbox 1495 4400 1629 4464; x_wconf 82' lang='lat' dir='ltr'><strong>alia.</strong></span> <span class='ocrx_word' id='word_1_351' title='bbox 1662 4402 1795 4474; x_wconf 91' lang='lat' dir='ltr'><strong>qui-</strong></span> 
     </span>
     <span class='ocr_line' id='line_1_51' title="bbox 442 4479 1794 4552; baseline 0.001 -17"><span class='ocrx_word' id='word_1_352' title='bbox 442 4479 547 4535; x_wconf 88' lang='lat' dir='ltr'><strong>bus</strong></span> <span class='ocrx_word' id='word_1_353' title='bbox 575 4480 720 4535; x_wconf 90' lang='lat' dir='ltr'><strong>hanc</strong></span> <span class='ocrx_word' id='word_1_354' title='bbox 743 4479 1065 4535; x_wconf 84' lang='lat' dir='ltr'><strong>doctrinam</strong></span> <span class='ocrx_word' id='word_1_355' title='bbox 1105 4480 1435 4552; x_wconf 87' lang='lat' dir='ltr'><strong>complexus</strong></span> <span class='ocrx_word' id='word_1_356' title='bbox 1453 4484 1569 4536; x_wconf 87' lang='lat' dir='ltr'><strong>est:</strong></span> <span class='ocrx_word' id='word_1_357' title='bbox 1596 4480 1794 4537; x_wconf 82' lang='lat' dir='ltr'><strong>Priva—</strong></span> 
     </span>
     <span class='ocr_line' id='line_1_52' title="bbox 440 4559 1789 4633; baseline 0.001 -18"><span class='ocrx_word' id='word_1_358' title='bbox 440 4561 537 4625; x_wconf 81' lang='lat' dir='ltr'><strong>tio,</strong></span> <span class='ocrx_word' id='word_1_359' title='bbox 569 4559 773 4631; x_wconf 88' lang='lat' dir='ltr'><strong>inquit,</strong></span> <span class='ocrx_word' id='word_1_360' title='bbox 790 4561 981 4629; x_wconf 56' lang='grc' dir='ltr'><em>φαιὰν</em></span> <span class='ocrx_word' id='word_1_361' title='bbox 998 4575 1107 4613; x_wconf 81' lang='lat' dir='ltr'><strong>non</strong></span> <span class='ocrx_word' id='word_1_362' title='bbox 1132 4560 1288 4615; x_wconf 78' lang='lat' dir='ltr'><strong>habet</strong></span> <span class='ocrx_word' id='word_1_363' title='bbox 1313 4563 1579 4616; x_wconf 79' lang='lat' dir='ltr'><strong>rationem</strong></span> <span class='ocrx_word' id='word_1_364' title='bbox 1605 4562 1789 4633; x_wconf 58' lang='lat' dir='ltr'><strong>culpa,</strong></span> 
     </span>
     <span class='ocr_line' id='line_1_53' title="bbox 437 4642 1789 4718; baseline 0.001 -20"><span class='ocrx_word' id='word_1_365' title='bbox 437 4642 531 4698; x_wconf 82' lang='lat' dir='ltr'><strong>sed</strong></span> <span class='ocrx_word' id='word_1_366' title='bbox 547 4659 733 4715; x_wconf 75' lang='lat' dir='ltr'><strong>paeme,</strong></span> <span class='ocrx_word' id='word_1_367' title='bbox 765 4644 877 4696; x_wconf 77' lang='lat' dir='ltr'><strong>nisi</strong></span> <span class='ocrx_word' id='word_1_368' title='bbox 896 4644 955 4696; x_wconf 82' lang='lat' dir='ltr'><strong>in</strong></span> <span class='ocrx_word' id='word_1_369' title='bbox 981 4649 1250 4718; x_wconf 78' lang='lat' dir='ltr'><strong>quantum</strong></span> <span class='ocrx_word' id='word_1_370' title='bbox 1274 4659 1347 4698; x_wconf 76' lang='grc' dir='ltr'><strong>εει·</strong></span> <span class='ocrx_word' id='word_1_371' title='bbox 1388 4643 1667 4699; x_wconf 78' lang='lat' dir='ltr'><strong>voluntate</strong></span> <span class='ocrx_word' id='word_1_372' title='bbox 1692 4651 1789 4699; x_wconf 75' lang='lat' dir='ltr'><strong>est.</strong></span> 
     </span>
     <span class='ocr_line' id='line_1_54' title="bbox 442 4722 1785 4798; baseline 0.001 -19"><span class='ocrx_word' id='word_1_373' title='bbox 442 4722 552 4780; x_wconf 91' lang='lat' dir='ltr'><strong>Ubi</strong></span> <span class='ocrx_word' id='word_1_374' title='bbox 593 4729 784 4797; x_wconf 88' lang='lat' dir='ltr'><strong>aperte</strong></span> <span class='ocrx_word' id='word_1_375' title='bbox 823 4723 1092 4796; x_wconf 86' lang='lat' dir='ltr'><strong>supponit</strong></span> <span class='ocrx_word' id='word_1_376' title='bbox 1142 4724 1526 4796; x_wconf 87' lang='lat' dir='ltr'><strong>privationem</strong></span> <span class='ocrx_word' id='word_1_377' title='bbox 1572 4725 1785 4798; x_wconf 82' lang='lat' dir='ltr'><strong>gratiae,</strong></span> 
     </span>
     <span class='ocr_line' id='line_1_55' title="bbox 437 4806 1792 4877; baseline -0.001 -15"><span class='ocrx_word' id='word_1_378' title='bbox 437 4810 716 4877; x_wconf 88' lang='lat' dir='ltr'><strong>quatenus</strong></span> <span class='ocrx_word' id='word_1_379' title='bbox 741 4810 1002 4860; x_wconf 88' lang='lat' dir='ltr'><strong>causatur</strong></span> <span class='ocrx_word' id='word_1_380' title='bbox 1022 4821 1055 4862; x_wconf 91' lang='lat' dir='ltr'><strong>a</strong></span> <span class='ocrx_word' id='word_1_381' title='bbox 1082 4806 1374 4862; x_wconf 89' lang='lat' dir='ltr'><strong>voluntate</strong></span> <span class='ocrx_word' id='word_1_382' title='bbox 1392 4810 1577 4861; x_wconf 69' lang='lat' dir='ltr'><strong>creata</strong></span> <span class='ocrx_word' id='word_1_383' title='bbox 1605 4807 1792 4861; x_wconf 84' lang='lat' dir='ltr'><strong>exclu-</strong></span> 
     </span>
     <span class='ocr_line' id='line_1_56' title="bbox 437 4884 1784 4957; baseline -0.001 -17"><span class='ocrx_word' id='word_1_384' title='bbox 437 4885 609 4942; x_wconf 91' lang='lat' dir='ltr'><strong>dente</strong></span> <span class='ocrx_word' id='word_1_385' title='bbox 657 4901 689 4941; x_wconf 88' lang='lat' dir='ltr'><strong>a</strong></span> <span class='ocrx_word' id='word_1_386' title='bbox 732 4885 915 4957; x_wconf 88' lang='lat' dir='ltr'><strong>seipsa</strong></span> <span class='ocrx_word' id='word_1_387' title='bbox 952 4884 1359 4957; x_wconf 86' lang='lat' dir='ltr'><strong>subjectionem</strong></span> <span class='ocrx_word' id='word_1_388' title='bbox 1415 4884 1784 4950; x_wconf 63' lang='lat' dir='ltr'><strong>habitualem,</strong></span> 
     </span>
     <span class='ocr_line' id='line_1_57' title="bbox 434 4964 1783 5038; baseline 0 -18"><span class='ocrx_word' id='word_1_389' title='bbox 434 4979 608 5036; x_wconf 87' lang='lat' dir='ltr'><strong>quam</strong></span> <span class='ocrx_word' id='word_1_390' title='bbox 655 4980 755 5037; x_wconf 90' lang='lat' dir='ltr'><strong>per</strong></span> <span class='ocrx_word' id='word_1_391' title='bbox 792 4966 1037 5038; x_wconf 79' lang='lat' dir='ltr'><strong>gratiam</strong></span> <span class='ocrx_word' id='word_1_392' title='bbox 1084 4964 1326 5022; x_wconf 87' lang='lat' dir='ltr'><strong>habebat</strong></span> <span class='ocrx_word' id='word_1_393' title='bbox 1366 4970 1616 5037; x_wconf 88' lang='lat' dir='ltr'><strong>respectu</strong></span> <span class='ocrx_word' id='word_1_394' title='bbox 1663 4965 1783 5032; x_wconf 89' lang='lat' dir='ltr'><strong>Dei,</strong></span> 
     </span>
    </p>
   </div>
   <div class='ocr_carea' id='block_1_3' title="bbox 1954 525 3325 1810">
    <p class='ocr_par' dir='ltr' id='par_1_3' title="bbox 1954 525 3325 1810">
     <span class='ocr_line' id='line_1_58' title="bbox 1962 525 3325 599; baseline 0.002 -17"><span class='ocrx_word' id='word_1_395' title='bbox 1962 541 2084 582; x_wconf 82' lang='lat' dir='ltr'><strong>esse</strong></span> <span class='ocrx_word' id='word_1_396' title='bbox 2102 525 2348 598; x_wconf 87' lang='lat' dir='ltr'><strong>culpam,</strong></span> <span class='ocrx_word' id='word_1_397' title='bbox 2381 528 2646 599; x_wconf 89' lang='lat' dir='ltr'><strong>quamvis</strong></span> <span class='ocrx_word' id='word_1_398' title='bbox 2684 527 2791 584; x_wconf 88' lang='lat' dir='ltr'><strong>sub</strong></span> <span class='ocrx_word' id='word_1_399' title='bbox 2819 528 2936 585; x_wconf 87' lang='lat' dir='ltr'><strong>alia</strong></span> <span class='ocrx_word' id='word_1_400' title='bbox 2982 529 3204 587; x_wconf 89' lang='lat' dir='ltr'><strong>ratione</strong></span> <span class='ocrx_word' id='word_1_401' title='bbox 3247 530 3325 586; x_wconf 87' lang='lat' dir='ltr'><strong>sit</strong></span> 
     </span>
     <span class='ocr_line' id='line_1_59' title="bbox 1965 606 3323 684; baseline 0.003 -24"><span class='ocrx_word' id='word_1_402' title='bbox 1965 620 2148 677; x_wconf 87' lang='lat' dir='ltr'><strong>poena.</strong></span> <span class='ocrx_word' id='word_1_403' title='bbox 2182 606 2250 660; x_wconf 85' lang='lat' dir='ltr'><strong>Et</strong></span> <span class='ocrx_word' id='word_1_404' title='bbox 2288 606 2422 662; x_wconf 86' lang='lat' dir='ltr'><strong>hinc</strong></span> <span class='ocrx_word' id='word_1_405' title='bbox 2452 612 2618 679; x_wconf 85' lang='lat' dir='ltr'><strong>patet,</strong></span> <span class='ocrx_word' id='word_1_406' title='bbox 2669 608 2945 681; x_wconf 82' lang='lat' dir='ltr'><strong>majorem</strong></span> <span class='ocrx_word' id='word_1_407' title='bbox 2998 609 3323 684; x_wconf 87' lang='lat' dir='ltr'><strong>argumenti</strong></span> 
     </span>
     <span class='ocr_line' id='line_1_60' title="bbox 1962 686 3322 764; baseline 0.004 -23"><span class='ocrx_word' id='word_1_408' title='bbox 1962 687 2054 743; x_wconf 91' lang='lat' dir='ltr'><strong>vel</strong></span> <span class='ocrx_word' id='word_1_409' title='bbox 2073 702 2195 744; x_wconf 90' lang='lat' dir='ltr'><strong>esse</strong></span> <span class='ocrx_word' id='word_1_410' title='bbox 2209 686 2463 743; x_wconf 89' lang='lat' dir='ltr'><strong>absolute</strong></span> <span class='ocrx_word' id='word_1_411' title='bbox 2483 687 2709 754; x_wconf 82' lang='lat' dir='ltr'><strong>falsam,</strong></span> <span class='ocrx_word' id='word_1_412' title='bbox 2737 691 2827 745; x_wconf 86' lang='lat' dir='ltr'><strong>vel</strong></span> <span class='ocrx_word' id='word_1_413' title='bbox 2850 689 3322 764; x_wconf 87' lang='lat' dir='ltr'><strong>distinguendam</strong></span> 
     </span>
     <span class='ocr_line' id='line_1_61' title="bbox 1960 766 3323 842; baseline 0.004 -21"><span class='ocrx_word' id='word_1_414' title='bbox 1960 780 2113 822; x_wconf 91' lang='lat' dir='ltr'><strong>esse:</strong></span> <span class='ocrx_word' id='word_1_415' title='bbox 2135 770 2193 823; x_wconf 89' lang='lat' dir='ltr'><strong>et</strong></span> <span class='ocrx_word' id='word_1_416' title='bbox 2209 766 2626 824; x_wconf 90' lang='lat' dir='ltr'><strong>concedendam</strong></span> <span class='ocrx_word' id='word_1_417' title='bbox 2651 767 2721 825; x_wconf 92' lang='lat' dir='ltr'><strong>de</strong></span> <span class='ocrx_word' id='word_1_418' title='bbox 2740 770 2925 842; x_wconf 89' lang='lat' dir='ltr'><strong>culpa,</strong></span> <span class='ocrx_word' id='word_1_419' title='bbox 2952 775 3008 826; x_wconf 90' lang='lat' dir='ltr'><strong>et</strong></span> <span class='ocrx_word' id='word_1_420' title='bbox 3029 786 3194 842; x_wconf 87' lang='lat' dir='ltr'><strong>poena</strong></span> <span class='ocrx_word' id='word_1_421' title='bbox 3214 769 3323 827; x_wconf 89' lang='lat' dir='ltr'><strong>sub</strong></span> 
     </span>
     <span class='ocr_line' id='line_1_62' title="bbox 1960 844 3323 924; baseline 0.006 -23"><span class='ocrx_word' id='word_1_422' title='bbox 1960 844 2159 902; x_wconf 88' lang='lat' dir='ltr'><strong>eadem</strong></span> <span class='ocrx_word' id='word_1_423' title='bbox 2185 848 2406 904; x_wconf 91' lang='lat' dir='ltr'><strong>ratione</strong></span> <span class='ocrx_word' id='word_1_424' title='bbox 2420 847 2792 905; x_wconf 88' lang='lat' dir='ltr'><strong>consideratis</strong></span> <span class='ocrx_word' id='word_1_425' title='bbox 2809 873 2824 915; x_wconf 91' lang='lat'>;</span> <span class='ocrx_word' id='word_1_426' title='bbox 2840 849 3165 924; x_wconf 87' lang='lat' dir='ltr'><strong>negandam</strong></span> <span class='ocrx_word' id='word_1_427' title='bbox 3184 867 3323 909; x_wconf 89' lang='lat' dir='ltr'><strong>vero</strong></span> 
     </span>
     <span class='ocr_line' id='line_1_63' title="bbox 1959 928 3322 1007; baseline 0.006 -26"><span class='ocrx_word' id='word_1_428' title='bbox 1959 928 2009 983; x_wconf 92' lang='lat' dir='ltr'><strong>si</strong></span> <span class='ocrx_word' id='word_1_429' title='bbox 2034 928 2467 1007; x_wconf 76' lang='lat' dir='ltr'><strong>considerentur</strong></span> <span class='ocrx_word' id='word_1_430' title='bbox 2493 930 2597 985; x_wconf 91' lang='lat' dir='ltr'><strong>sub</strong></span> <span class='ocrx_word' id='word_1_431' title='bbox 2618 931 2864 987; x_wconf 88' lang='lat' dir='ltr'><strong>diversis</strong></span> <span class='ocrx_word' id='word_1_432' title='bbox 2887 931 3232 990; x_wconf 80' lang='lat' dir='ltr'><strong>rationibus,</strong></span> <span class='ocrx_word' id='word_1_433' title='bbox 3251 936 3322 989; x_wconf 87' lang='lat' dir='ltr'><strong>Et</strong></span> 
     </span>
     <span class='ocr_line' id='line_1_64' title="bbox 1959 1005 3320 1082; baseline 0.006 -21"><span class='ocrx_word' id='word_1_434' title='bbox 1959 1005 2166 1063; x_wconf 91' lang='lat' dir='ltr'><strong>deinde</strong></span> <span class='ocrx_word' id='word_1_435' title='bbox 2205 1008 2419 1073; x_wconf 86' lang='lat' dir='ltr'><strong>minor,</strong></span> <span class='ocrx_word' id='word_1_436' title='bbox 2449 1014 2505 1066; x_wconf 90' lang='lat' dir='ltr'><strong>et</strong></span> <span class='ocrx_word' id='word_1_437' title='bbox 2550 1011 2738 1081; x_wconf 89' lang='lat' dir='ltr'><strong>prima</strong></span> <span class='ocrx_word' id='word_1_438' title='bbox 2765 1012 3170 1082; x_wconf 89' lang='lat' dir='ltr'><strong>consequentia</strong></span> <span class='ocrx_word' id='word_1_439' title='bbox 3196 1013 3320 1069; x_wconf 89' lang='lat' dir='ltr'><strong>dis-</strong></span> 
     </span>
     <span class='ocr_line' id='line_1_65' title="bbox 1961 1088 3318 1168; baseline 0.007 -25"><span class='ocrx_word' id='word_1_440' title='bbox 1961 1088 2282 1162; x_wconf 83' lang='lat' dir='ltr'><strong>tinguendae</strong></span> <span class='ocrx_word' id='word_1_441' title='bbox 2302 1096 2435 1146; x_wconf 89' lang='lat' dir='ltr'><strong>sunt</strong></span> <span class='ocrx_word' id='word_1_442' title='bbox 2473 1091 2784 1148; x_wconf 90' lang='lat' dir='ltr'><strong>secundum</strong></span> <span class='ocrx_word' id='word_1_443' title='bbox 2812 1091 3137 1150; x_wconf 85' lang='lat' dir='ltr'><strong>doctrinam</strong></span> <span class='ocrx_word' id='word_1_444' title='bbox 3186 1112 3318 1168; x_wconf 91' lang='lat' dir='ltr'><strong>pro-</strong></span> 
     </span>
     <span class='ocr_line' id='line_1_66' title="bbox 1959 1166 3319 1232; baseline 0.006 -8"><span class='ocrx_word' id='word_1_445' title='bbox 1959 1169 2117 1231; x_wconf 86' lang='lat' dir='ltr'><strong>xime</strong></span> <span class='ocrx_word' id='word_1_446' title='bbox 2138 1166 2517 1227; x_wconf 76' lang='lat' dir='ltr'><strong>traditamzet</strong></span> <span class='ocrx_word' id='word_1_447' title='bbox 2561 1170 2792 1227; x_wconf 91' lang='lat' dir='ltr'><strong>tandem</strong></span> <span class='ocrx_word' id='word_1_448' title='bbox 2832 1173 3079 1230; x_wconf 89' lang='lat' dir='ltr'><strong>secunda</strong></span> <span class='ocrx_word' id='word_1_449' title='bbox 3119 1190 3319 1232; x_wconf 89' lang='lat' dir='ltr'><strong>conse-</strong></span> 
     </span>
     <span class='ocr_line' id='line_1_67' title="bbox 1958 1251 3318 1328; baseline 0.007 -23"><span class='ocrx_word' id='word_1_450' title='bbox 1958 1251 2193 1323; x_wconf 90' lang='lat' dir='ltr'><strong>quentia</strong></span> <span class='ocrx_word' id='word_1_451' title='bbox 2214 1251 2473 1325; x_wconf 91' lang='lat' dir='ltr'><strong>neganda</strong></span> <span class='ocrx_word' id='word_1_452' title='bbox 2500 1258 2584 1308; x_wconf 90' lang='lat' dir='ltr'><strong>est</strong></span> <span class='ocrx_word' id='word_1_453' title='bbox 2604 1252 2880 1309; x_wconf 89' lang='lat' dir='ltr'><strong>absolute.</strong></span> <span class='ocrx_word' id='word_1_454' title='bbox 2904 1255 3048 1318; x_wconf 85' lang='lat' dir='ltr'><strong>Quia</strong></span> <span class='ocrx_word' id='word_1_455' title='bbox 3068 1271 3139 1312; x_wconf 85' lang='lat' dir='ltr'><strong>ex</strong></span> <span class='ocrx_word' id='word_1_456' title='bbox 3169 1273 3318 1328; x_wconf 82' lang='lat' dir='ltr'><strong>prae-</strong></span> 
     </span>
     <span class='ocr_line' id='line_1_68' title="bbox 1959 1331 3315 1407; baseline 0.006 -22"><span class='ocrx_word' id='word_1_457' title='bbox 1959 1331 2152 1386; x_wconf 90' lang='lat' dir='ltr'><strong>missis</strong></span> <span class='ocrx_word' id='word_1_458' title='bbox 2191 1347 2308 1388; x_wconf 90' lang='lat' dir='ltr'><strong>non</strong></span> <span class='ocrx_word' id='word_1_459' title='bbox 2366 1331 2748 1399; x_wconf 90' lang='lat' dir='ltr'><strong>concluditur,</strong></span> <span class='ocrx_word' id='word_1_460' title='bbox 2812 1334 2961 1406; x_wconf 91' lang='lat' dir='ltr'><strong>quod</strong></span> <span class='ocrx_word' id='word_1_461' title='bbox 3028 1342 3315 1407; x_wconf 88' lang='lat' dir='ltr'><strong>peccatum</strong></span> 
     </span>
     <span class='ocr_line' id='line_1_69' title="bbox 1957 1410 3317 1491; baseline 0.005 -24"><span class='ocrx_word' id='word_1_462' title='bbox 1957 1410 2249 1470; x_wconf 90' lang='lat' dir='ltr'><strong>habituale</strong></span> <span class='ocrx_word' id='word_1_463' title='bbox 2290 1429 2408 1470; x_wconf 91' lang='lat' dir='ltr'><strong>non</strong></span> <span class='ocrx_word' id='word_1_464' title='bbox 2433 1413 2704 1469; x_wconf 88' lang='lat' dir='ltr'><strong>consistat</strong></span> <span class='ocrx_word' id='word_1_465' title='bbox 2736 1414 2800 1469; x_wconf 91' lang='lat' dir='ltr'><strong>in</strong></span> <span class='ocrx_word' id='word_1_466' title='bbox 2834 1415 3154 1486; x_wconf 86' lang='lat' dir='ltr'><strong>privatione</strong></span> <span class='ocrx_word' id='word_1_467' title='bbox 3179 1433 3317 1491; x_wconf 87' lang='lat' dir='ltr'><strong>gra-</strong></span> 
     </span>
     <span class='ocr_line' id='line_1_70' title="bbox 1957 1492 3315 1570; baseline 0.004 -22"><span class='ocrx_word' id='word_1_468' title='bbox 1957 1492 2081 1560; x_wconf 80' lang='lat' dir='ltr'><strong>tiae;</strong></span> <span class='ocrx_word' id='word_1_469' title='bbox 2103 1493 2202 1550; x_wconf 90' lang='lat' dir='ltr'><strong>sed</strong></span> <span class='ocrx_word' id='word_1_470' title='bbox 2247 1496 2454 1558; x_wconf 82' lang='lat' dir='ltr'><strong>solum,</strong></span> <span class='ocrx_word' id='word_1_471' title='bbox 2498 1493 2647 1567; x_wconf 91' lang='lat' dir='ltr'><strong>quod</strong></span> <span class='ocrx_word' id='word_1_472' title='bbox 2691 1494 2939 1566; x_wconf 88' lang='lat' dir='ltr'><strong>privatio</strong></span> <span class='ocrx_word' id='word_1_473' title='bbox 2976 1497 3194 1570; x_wconf 80' lang='lat' dir='ltr'><strong>gratiae,</strong></span> <span class='ocrx_word' id='word_1_474' title='bbox 3255 1506 3315 1554; x_wconf 92' lang='lat' dir='ltr'><strong>ut</strong></span> 
     </span>
     <span class='ocr_line' id='line_1_71' title="bbox 1954 1573 3314 1646; baseline 0.005 -17"><span class='ocrx_word' id='word_1_475' title='bbox 1954 1573 2203 1629; x_wconf 81' lang='lat' dir='ltr'><strong>excludit</strong></span> <span class='ocrx_word' id='word_1_476' title='bbox 2229 1573 2632 1646; x_wconf 83' lang='lat' dir='ltr'><strong>perfectionem</strong></span> <span class='ocrx_word' id='word_1_477' title='bbox 2655 1574 2929 1639; x_wconf 89' lang='lat' dir='ltr'><strong>hominis,</strong></span> <span class='ocrx_word' id='word_1_478' title='bbox 2949 1582 3006 1631; x_wconf 92' lang='lat' dir='ltr'><strong>et</strong></span> <span class='ocrx_word' id='word_1_479' title='bbox 3024 1582 3108 1631; x_wconf 87' lang='lat' dir='ltr'><strong>est</strong></span> <span class='ocrx_word' id='word_1_480' title='bbox 3134 1594 3166 1633; x_wconf 91' lang='lat' dir='ltr'><strong>a</strong></span> <span class='ocrx_word' id='word_1_481' title='bbox 3193 1581 3314 1636; x_wconf 89' lang='lat' dir='ltr'><strong>solo</strong></span> 
     </span>
     <span class='ocr_line' id='line_1_72' title="bbox 1956 1653 3307 1731; baseline 0.005 -21"><span class='ocrx_word' id='word_1_482' title='bbox 1956 1654 2089 1720; x_wconf 91' lang='lat' dir='ltr'><strong>Deo,</strong></span> <span class='ocrx_word' id='word_1_483' title='bbox 2110 1670 2227 1711; x_wconf 91' lang='lat' dir='ltr'><strong>non</strong></span> <span class='ocrx_word' id='word_1_484' title='bbox 2249 1653 2452 1711; x_wconf 90' lang='lat' dir='ltr'><strong>habeat</strong></span> <span class='ocrx_word' id='word_1_485' title='bbox 2476 1655 2756 1712; x_wconf 89' lang='lat' dir='ltr'><strong>rationem</strong></span> <span class='ocrx_word' id='word_1_486' title='bbox 2772 1657 2862 1711; x_wconf 91' lang='lat' dir='ltr'><strong>cul</strong></span> <span class='ocrx_word' id='word_1_487' title='bbox 2868 1672 2969 1728; x_wconf 78' lang='lat' dir='ltr'><strong>pae,</strong></span> <span class='ocrx_word' id='word_1_488' title='bbox 2994 1655 3091 1713; x_wconf 90' lang='lat' dir='ltr'><strong>sed</strong></span> <span class='ocrx_word' id='word_1_489' title='bbox 3109 1674 3307 1731; x_wconf 80' lang='lat' dir='ltr'><strong>poenae.</strong></span> 
     </span>
     <span class='ocr_line' id='line_1_73' title="bbox 1954 1734 3311 1810; baseline 0.004 -20"><span class='ocrx_word' id='word_1_490' title='bbox 1954 1734 2271 1792; x_wconf 89' lang='lat' dir='ltr'><strong>Videantur</strong></span> <span class='ocrx_word' id='word_1_491' title='bbox 2291 1735 2440 1794; x_wconf 85' lang='lat' dir='ltr'><strong>dlcta</strong></span> <span class='ocrx_word' id='word_1_492' title='bbox 2464 1743 2625 1793; x_wconf 81' lang='lat' dir='ltr'><strong>tract.</strong></span> <span class='ocrx_word' id='word_1_493' title='bbox 2660 1736 2742 1803; x_wconf 87' lang='lat'><strong>13,</strong></span> <span class='ocrx_word' id='word_1_494' title='bbox 2766 1737 2911 1810; x_wconf 80' lang='lat' dir='ltr'><strong>disp.</strong></span> <span class='ocrx_word' id='word_1_495' title='bbox 2943 1739 3024 1806; x_wconf 82' lang='lat'><strong>16,</strong></span> <span class='ocrx_word' id='word_1_496' title='bbox 3049 1738 3175 1799; x_wconf 72' lang='lat' dir='ltr'><strong>dub.</strong></span> <span class='ocrx_word' id='word_1_497' title='bbox 3201 1742 3255 1808; x_wconf 90' lang='lat'><strong>5,</strong></span> <span class='ocrx_word' id='word_1_498' title='bbox 3275 1758 3311 1796; x_wconf 87' lang='lat' dir='ltr'><strong>a</strong></span> 
     </span>
    </p>
   </div>
   <div class='ocr_carea' id='block_1_4' title="bbox 1922 1816 3514 5116">
    <p class='ocr_par' dir='ltr' id='par_1_4' title="bbox 1952 1816 2253 1870">
     <span class='ocr_line' id='line_1_74' title="bbox 1952 1816 2253 1870; baseline 0.003 -2"><span class='ocrx_word' id='word_1_499' title='bbox 1952 1831 2105 1870; x_wconf 81' lang='lat' dir='ltr'><strong>num.</strong></span> <span class='ocrx_word' id='word_1_500' title='bbox 2134 1816 2253 1869; x_wconf 82' lang='lat'>129.</span> 
     </span>
    </p>

    <p class='ocr_par' dir='ltr' id='par_1_5' title="bbox 1939 1894 3514 3345">
     <span class='ocr_line' id='line_1_75' title="bbox 2025 1894 3514 1970; baseline 0.003 -21"><span class='ocrx_word' id='word_1_501' title='bbox 2025 1894 2110 1950; x_wconf 89' lang='lat' dir='ltr'><strong>Ad</strong></span> <span class='ocrx_word' id='word_1_502' title='bbox 2154 1894 2652 1952; x_wconf 86' lang='lat' dir='ltr'><strong>confirmationem</strong></span> <span class='ocrx_word' id='word_1_503' title='bbox 2680 1900 2896 1953; x_wconf 84' lang='lat' dir='ltr'><strong>constat</strong></span> <span class='ocrx_word' id='word_1_504' title='bbox 2927 1913 3000 1953; x_wconf 84' lang='lat' dir='ltr'><strong>ex</strong></span> <span class='ocrx_word' id='word_1_505' title='bbox 3045 1897 3308 1970; x_wconf 86' lang='lat' dir='ltr'><strong>proxime</strong></span> <span class='ocrx_word' id='word_1_506' title='bbox 3322 1908 3514 1953; x_wconf 63' lang='lat' dir='ltr'><strong>sorvita</strong></span> 
     </span>
     <span class='ocr_line' id='line_1_76' title="bbox 1951 1960 3505 2052; baseline 0.004 -22"><span class='ocrx_word' id='word_1_507' title='bbox 1951 1974 2140 2036; x_wconf 87' lang='lat' dir='ltr'><strong>dictis;</strong></span> <span class='ocrx_word' id='word_1_508' title='bbox 2162 1992 2298 2032; x_wconf 89' lang='lat' dir='ltr'><strong>nam</strong></span> <span class='ocrx_word' id='word_1_509' title='bbox 2328 1978 2458 2033; x_wconf 90' lang='lat' dir='ltr'><strong>licet</strong></span> <span class='ocrx_word' id='word_1_510' title='bbox 2480 1976 2725 2050; x_wconf 89' lang='lat' dir='ltr'><strong>privatio</strong></span> <span class='ocrx_word' id='word_1_511' title='bbox 2749 1975 2966 2050; x_wconf 76' lang='lat' dir='ltr'><strong>gratiae,</strong></span> <span class='ocrx_word' id='word_1_512' title='bbox 2988 1983 3050 2033; x_wconf 90' lang='lat' dir='ltr'><strong>ut</strong></span> <span class='ocrx_word' id='word_1_513' title='bbox 3069 1983 3154 2035; x_wconf 91' lang='lat' dir='ltr'><strong>est</strong></span> <span class='ocrx_word' id='word_1_514' title='bbox 3181 1995 3309 2036; x_wconf 85' lang='lat' dir='ltr'><strong>ma·</strong></span> <span class='ocrx_word' id='word_1_515' title='bbox 3346 1960 3505 2052; x_wconf 48' lang='lat' dir='ltr'><strong>{gfff</strong></span> 
     </span>
     <span class='ocr_line' id='line_1_77' title="bbox 1953 2056 3311 2130; baseline 0.004 -19"><span class='ocrx_word' id='word_1_516' title='bbox 1953 2057 2075 2112; x_wconf 93' lang='lat' dir='ltr'><strong>lum</strong></span> <span class='ocrx_word' id='word_1_517' title='bbox 2098 2056 2371 2122; x_wconf 77' lang='lat' dir='ltr'><strong>hominiS,</strong></span> <span class='ocrx_word' id='word_1_518' title='bbox 2396 2062 2451 2114; x_wconf 91' lang='lat' dir='ltr'><strong>et</strong></span> <span class='ocrx_word' id='word_1_519' title='bbox 2463 2058 2745 2130; x_wconf 84' lang='lat' dir='ltr'><strong>exspoliat</strong></span> <span class='ocrx_word' id='word_1_520' title='bbox 2763 2057 2951 2129; x_wconf 89' lang='lat' dir='ltr'><strong>ipsum</strong></span> <span class='ocrx_word' id='word_1_521' title='bbox 2966 2056 3311 2130; x_wconf 86' lang='lat' dir='ltr'><strong>perfectione</strong></span> 
     </span>
     <span class='ocr_line' id='line_1_78' title="bbox 1949 2134 3425 2212; baseline 0.003 -20"><span class='ocrx_word' id='word_1_522' title='bbox 1949 2137 2392 2210; x_wconf 89' lang='lat' dir='ltr'><strong>supernaturali,</strong></span> <span class='ocrx_word' id='word_1_523' title='bbox 2450 2137 2727 2210; x_wconf 90' lang='lat' dir='ltr'><strong>habetque</strong></span> <span class='ocrx_word' id='word_1_524' title='bbox 2773 2134 3061 2196; x_wconf 82' lang='lat' dir='ltr'><strong>rationem</strong></span> <span class='ocrx_word' id='word_1_525' title='bbox 3112 2156 3306 2212; x_wconf 78' lang='lat' dir='ltr'><strong>poenae,</strong></span> <span class='ocrx_word' id='word_1_526' title='bbox 3414 2162 3425 2169; x_wconf 97' lang='lat'><strong>·</strong></span> 
     </span>
     <span class='ocr_line' id='line_1_79' title="bbox 1948 2218 3305 2288; baseline 0.004 -15"><span class='ocrx_word' id='word_1_527' title='bbox 1948 2218 2024 2274; x_wconf 91' lang='lat' dir='ltr'><strong>sit</strong></span> <span class='ocrx_word' id='word_1_528' title='bbox 2067 2236 2101 2275; x_wconf 90' lang='lat' dir='ltr'><strong>a</strong></span> <span class='ocrx_word' id='word_1_529' title='bbox 2130 2221 2269 2281; x_wconf 85' lang='lat' dir='ltr'><strong>Deo;</strong></span> <span class='ocrx_word' id='word_1_530' title='bbox 2304 2219 2691 2276; x_wconf 86' lang='lat' dir='ltr'><strong>nihilominus</strong></span> <span class='ocrx_word' id='word_1_531' title='bbox 2733 2226 2789 2275; x_wconf 93' lang='lat' dir='ltr'><strong>ut</strong></span> <span class='ocrx_word' id='word_1_532' title='bbox 2826 2226 2912 2278; x_wconf 91' lang='lat' dir='ltr'><strong>est</strong></span> <span class='ocrx_word' id='word_1_533' title='bbox 2940 2221 3160 2277; x_wconf 87' lang='lat' dir='ltr'><strong>malum</strong></span> <span class='ocrx_word' id='word_1_534' title='bbox 3184 2222 3305 2288; x_wconf 90' lang='lat' dir='ltr'><strong>Dei,</strong></span> 
     </span>
     <span class='ocr_line' id='line_1_80' title="bbox 1947 2298 3310 2374; baseline 0.001 -19"><span class='ocrx_word' id='word_1_535' title='bbox 1947 2305 2003 2355; x_wconf 91' lang='lat' dir='ltr'><strong>et</strong></span> <span class='ocrx_word' id='word_1_536' title='bbox 2027 2298 2278 2355; x_wconf 83' lang='lat' dir='ltr'><strong>excludit</strong></span> <span class='ocrx_word' id='word_1_537' title='bbox 2322 2298 2729 2371; x_wconf 87' lang='lat' dir='ltr'><strong>subjectionem</strong></span> <span class='ocrx_word' id='word_1_538' title='bbox 2773 2300 2842 2356; x_wconf 90' lang='lat' dir='ltr'><strong>ad</strong></span> <span class='ocrx_word' id='word_1_539' title='bbox 2868 2301 3080 2374; x_wconf 88' lang='lat' dir='ltr'><strong>ipsum,</strong></span> <span class='ocrx_word' id='word_1_540' title='bbox 3109 2300 3310 2358; x_wconf 85' lang='lat' dir='ltr'><strong>habet-</strong></span> 
     </span>
     <span class='ocr_line' id='line_1_81' title="bbox 1946 2380 3309 2453; baseline 0.001 -17"><span class='ocrx_word' id='word_1_541' title='bbox 1946 2396 2056 2453; x_wconf 92' lang='lat' dir='ltr'><strong>que</strong></span> <span class='ocrx_word' id='word_1_542' title='bbox 2085 2380 2366 2436; x_wconf 88' lang='lat' dir='ltr'><strong>rationem</strong></span> <span class='ocrx_word' id='word_1_543' title='bbox 2394 2381 2594 2452; x_wconf 63' lang='lat' dir='ltr'><strong>culpae,</strong></span> <span class='ocrx_word' id='word_1_544' title='bbox 2622 2396 2738 2438; x_wconf 93' lang='lat' dir='ltr'><strong>non</strong></span> <span class='ocrx_word' id='word_1_545' title='bbox 2760 2386 2845 2437; x_wconf 89' lang='lat' dir='ltr'><strong>est</strong></span> <span class='ocrx_word' id='word_1_546' title='bbox 2888 2398 2920 2437; x_wconf 91' lang='lat' dir='ltr'><strong>a</strong></span> <span class='ocrx_word' id='word_1_547' title='bbox 2949 2385 3080 2448; x_wconf 85' lang='lat' dir='ltr'><strong>Deo,</strong></span> <span class='ocrx_word' id='word_1_548' title='bbox 3112 2381 3209 2439; x_wconf 90' lang='lat' dir='ltr'><strong>sed</strong></span> <span class='ocrx_word' id='word_1_549' title='bbox 3239 2382 3309 2440; x_wconf 89' lang='lat' dir='ltr'><strong>ab</strong></span> 
     </span>
     <span class='ocr_line' id='line_1_82' title="bbox 1948 2460 3311 2536; baseline 0.002 -20"><span class='ocrx_word' id='word_1_550' title='bbox 1948 2461 2205 2517; x_wconf 88' lang='lat' dir='ltr'><strong>homine.</strong></span> <span class='ocrx_word' id='word_1_551' title='bbox 2228 2460 2312 2515; x_wconf 92' lang='lat' dir='ltr'><strong>Ad</strong></span> <span class='ocrx_word' id='word_1_552' title='bbox 2333 2460 2480 2532; x_wconf 91' lang='lat' dir='ltr'><strong>quod</strong></span> <span class='ocrx_word' id='word_1_553' title='bbox 2500 2476 2614 2517; x_wconf 91' lang='lat' dir='ltr'><strong>non</strong></span> <span class='ocrx_word' id='word_1_554' title='bbox 2645 2461 2980 2534; x_wconf 88' lang='lat' dir='ltr'><strong>requiritur,</strong></span> <span class='ocrx_word' id='word_1_555' title='bbox 3007 2462 3156 2536; x_wconf 90' lang='lat' dir='ltr'><strong>quod</strong></span> <span class='ocrx_word' id='word_1_556' title='bbox 3183 2479 3311 2536; x_wconf 86' lang='lat' dir='ltr'><strong>gra·</strong></span> 
     </span>
     <span class='ocr_line' id='line_1_83' title="bbox 1945 2541 3302 2616; baseline 0.001 -18"><span class='ocrx_word' id='word_1_557' title='bbox 1945 2542 2027 2598; x_wconf 89' lang='lat' dir='ltr'><strong>tia</strong></span> <span class='ocrx_word' id='word_1_558' title='bbox 2069 2543 2272 2598; x_wconf 91' lang='lat' dir='ltr'><strong>inesse</strong></span> <span class='ocrx_word' id='word_1_559' title='bbox 2295 2542 2526 2615; x_wconf 83' lang='lat' dir='ltr'><strong>physico</strong></span> <span class='ocrx_word' id='word_1_560' title='bbox 2566 2541 2637 2598; x_wconf 89' lang='lat' dir='ltr'><strong>ab</strong></span> <span class='ocrx_word' id='word_1_561' title='bbox 2689 2542 2924 2599; x_wconf 90' lang='lat' dir='ltr'><strong>homine</strong></span> <span class='ocrx_word' id='word_1_562' title='bbox 2967 2542 3302 2616; x_wconf 87' lang='lat' dir='ltr'><strong>dependeat,</strong></span> 
     </span>
     <span class='ocr_line' id='line_1_84' title="bbox 1945 2623 3304 2698; baseline 0.002 -19"><span class='ocrx_word' id='word_1_563' title='bbox 1945 2626 2037 2681; x_wconf 90' lang='lat' dir='ltr'><strong>vel</strong></span> <span class='ocrx_word' id='word_1_564' title='bbox 2063 2623 2572 2687; x_wconf 88' lang='lat' dir='ltr'><strong>conservetur;sed</strong></span> <span class='ocrx_word' id='word_1_565' title='bbox 2616 2625 2753 2680; x_wconf 89' lang='lat' dir='ltr'><strong>satis</strong></span> <span class='ocrx_word' id='word_1_566' title='bbox 2777 2630 2881 2692; x_wconf 90' lang='lat' dir='ltr'><strong>est,</strong></span> <span class='ocrx_word' id='word_1_567' title='bbox 2910 2625 3062 2698; x_wconf 90' lang='lat' dir='ltr'><strong>quod</strong></span> <span class='ocrx_word' id='word_1_568' title='bbox 3098 2627 3162 2682; x_wconf 91' lang='lat' dir='ltr'><strong>in</strong></span> <span class='ocrx_word' id='word_1_569' title='bbox 3208 2642 3304 2682; x_wconf 92' lang='lat' dir='ltr'><strong>ra—</strong></span> 
     </span>
     <span class='ocr_line' id='line_1_85' title="bbox 1946 2704 3300 2778; baseline 0.002 -19"><span class='ocrx_word' id='word_1_570' title='bbox 1946 2705 2100 2761; x_wconf 89' lang='lat' dir='ltr'><strong>tione</strong></span> <span class='ocrx_word' id='word_1_571' title='bbox 2125 2704 2488 2778; x_wconf 83' lang='lat' dir='ltr'><strong>subJ&#39;ectionis</strong></span> <span class='ocrx_word' id='word_1_572' title='bbox 2515 2704 2858 2761; x_wconf 75' lang='lat' dir='ltr'><strong>voluntariae</strong></span> <span class='ocrx_word' id='word_1_573' title='bbox 2903 2706 2972 2762; x_wconf 89' lang='lat' dir='ltr'><strong>ad</strong></span> <span class='ocrx_word' id='word_1_574' title='bbox 2998 2708 3175 2762; x_wconf 91' lang='lat' dir='ltr'><strong>Deum</strong></span> <span class='ocrx_word' id='word_1_575' title='bbox 3205 2705 3300 2763; x_wconf 88' lang='lat' dir='ltr'><strong>de-</strong></span> 
     </span>
     <span class='ocr_line' id='line_1_86' title="bbox 1945 2784 3303 2860; baseline 0.002 -19"><span class='ocrx_word' id='word_1_576' title='bbox 1945 2784 2186 2857; x_wconf 90' lang='lat' dir='ltr'><strong>pendeat</strong></span> <span class='ocrx_word' id='word_1_577' title='bbox 2206 2785 2275 2841; x_wconf 89' lang='lat' dir='ltr'><strong>ab</strong></span> <span class='ocrx_word' id='word_1_578' title='bbox 2303 2786 2556 2850; x_wconf 88' lang='lat' dir='ltr'><strong>homine,</strong></span> <span class='ocrx_word' id='word_1_579' title='bbox 2582 2790 2639 2842; x_wconf 91' lang='lat' dir='ltr'><strong>et</strong></span> <span class='ocrx_word' id='word_1_580' title='bbox 2657 2785 2804 2859; x_wconf 92' lang='lat' dir='ltr'><strong>quod</strong></span> <span class='ocrx_word' id='word_1_581' title='bbox 2842 2786 2912 2842; x_wconf 90' lang='lat' dir='ltr'><strong>ab</strong></span> <span class='ocrx_word' id='word_1_582' title='bbox 2952 2787 3077 2860; x_wconf 90' lang='lat' dir='ltr'><strong>ipso</strong></span> <span class='ocrx_word' id='word_1_583' title='bbox 3095 2804 3303 2844; x_wconf 84' lang='lat' dir='ltr'><strong>secun-</strong></span> 
     </span>
     <span class='ocr_line' id='line_1_87' title="bbox 1942 2866 3301 2928; baseline 0.003 -4"><span class='ocrx_word' id='word_1_584' title='bbox 1942 2866 2079 2924; x_wconf 92' lang='lat' dir='ltr'><strong>dum</strong></span> <span class='ocrx_word' id='word_1_585' title='bbox 2106 2867 2274 2923; x_wconf 90' lang='lat' dir='ltr'><strong>istam</strong></span> <span class='ocrx_word' id='word_1_586' title='bbox 2298 2867 2580 2925; x_wconf 86' lang='lat' dir='ltr'><strong>rationem</strong></span> <span class='ocrx_word' id='word_1_587' title='bbox 2592 2867 2949 2926; x_wconf 80' lang='lat' dir='ltr'><strong>excludatur.</strong></span> <span class='ocrx_word' id='word_1_588' title='bbox 2976 2870 3301 2928; x_wconf 80' lang='lat' dir='ltr'><strong>Praesertim</strong></span> 
     </span>
     <span class='ocr_line' id='line_1_88' title="bbox 1940 2947 3304 3020; baseline 0.002 -16"><span class='ocrx_word' id='word_1_589' title='bbox 1940 2965 2068 3004; x_wconf 88' lang='lat' dir='ltr'><strong>cum</strong></span> <span class='ocrx_word' id='word_1_590' title='bbox 2092 2947 2380 3004; x_wconf 84' lang='lat' dir='ltr'><strong>multoties</strong></span> <span class='ocrx_word' id='word_1_591' title='bbox 2407 2949 2654 3020; x_wconf 89' lang='lat' dir='ltr'><strong>privatio</strong></span> <span class='ocrx_word' id='word_1_592' title='bbox 2682 2950 2882 3006; x_wconf 72' lang='lat' dir='ltr'><strong>sermm</strong></span> <span class='ocrx_word' id='word_1_593' title='bbox 2904 2949 3209 3007; x_wconf 90' lang='lat' dir='ltr'><strong>inducatur</strong></span> <span class='ocrx_word' id='word_1_594' title='bbox 3231 2949 3304 3007; x_wconf 91' lang='lat' dir='ltr'><strong>ab</strong></span> 
     </span>
     <span class='ocr_line' id='line_1_89' title="bbox 1940 3027 3301 3100; baseline 0 -14"><span class='ocrx_word' id='word_1_595' title='bbox 1940 3045 2026 3090; x_wconf 81' lang='lat' dir='ltr'><strong>eo.</strong></span> <span class='ocrx_word' id='word_1_596' title='bbox 2056 3028 2152 3100; x_wconf 92' lang='lat' dir='ltr'><strong>qui</strong></span> <span class='ocrx_word' id='word_1_597' title='bbox 2183 3027 2637 3100; x_wconf 65' lang='lat' dir='ltr'><strong>praeexistentem</strong></span> <span class='ocrx_word' id='word_1_598' title='bbox 2666 3028 2913 3086; x_wconf 82' lang='lat' dir='ltr'><strong>formam</strong></span> <span class='ocrx_word' id='word_1_599' title='bbox 2938 3046 3054 3087; x_wconf 91' lang='lat' dir='ltr'><strong>non</strong></span> <span class='ocrx_word' id='word_1_600' title='bbox 3077 3046 3301 3088; x_wconf 89' lang='lat' dir='ltr'><strong>conser-</strong></span> 
     </span>
     <span class='ocr_line' id='line_1_90' title="bbox 1939 3108 3301 3182; baseline 0.001 -17"><span class='ocrx_word' id='word_1_601' title='bbox 1939 3108 2127 3173; x_wconf 79' lang='lat' dir='ltr'><strong>vabat,</strong></span> <span class='ocrx_word' id='word_1_602' title='bbox 2160 3115 2220 3162; x_wconf 92' lang='lat' dir='ltr'><strong>ut</strong></span> <span class='ocrx_word' id='word_1_603' title='bbox 2247 3113 2395 3180; x_wconf 85' lang='lat' dir='ltr'><strong>patet</strong></span> <span class='ocrx_word' id='word_1_604' title='bbox 2423 3108 2484 3164; x_wconf 91' lang='lat' dir='ltr'><strong>in</strong></span> <span class='ocrx_word' id='word_1_605' title='bbox 2513 3109 2766 3176; x_wconf 89' lang='lat' dir='ltr'><strong>homine,</strong></span> <span class='ocrx_word' id='word_1_606' title='bbox 2791 3112 2889 3182; x_wconf 92' lang='lat' dir='ltr'><strong>qui</strong></span> <span class='ocrx_word' id='word_1_607' title='bbox 2913 3113 3159 3167; x_wconf 89' lang='lat' dir='ltr'><strong>alterum</strong></span> <span class='ocrx_word' id='word_1_608' title='bbox 3193 3111 3301 3168; x_wconf 90' lang='lat' dir='ltr'><strong>ho-</strong></span> 
     </span>
     <span class='ocr_line' id='line_1_91' title="bbox 1940 3188 3300 3264; baseline 0.002 -19"><span class='ocrx_word' id='word_1_609' title='bbox 1940 3191 2158 3246; x_wconf 90' lang='lat' dir='ltr'><strong>minem</strong></span> <span class='ocrx_word' id='word_1_610' title='bbox 2186 3188 2473 3254; x_wconf 83' lang='lat' dir='ltr'><strong>interficit,</strong></span> <span class='ocrx_word' id='word_1_611' title='bbox 2508 3195 2569 3244; x_wconf 93' lang='lat' dir='ltr'><strong>ut</strong></span> <span class='ocrx_word' id='word_1_612' title='bbox 2589 3191 2760 3247; x_wconf 90' lang='lat' dir='ltr'><strong>latius</strong></span> <span class='ocrx_word' id='word_1_613' title='bbox 2778 3193 3160 3264; x_wconf 80' lang='lat' dir='ltr'><strong>explicuimus</strong></span> <span class='ocrx_word' id='word_1_614' title='bbox 3189 3193 3300 3248; x_wconf 81' lang='lat' dir='ltr'><strong>loco</strong></span> 
     </span>
     <span class='ocr_line' id='line_1_92' title="bbox 1939 3274 2619 3345; baseline -0.001 -18"><span class='ocrx_word' id='word_1_615' title='bbox 1939 3289 2108 3345; x_wconf 81' lang='lat' dir='ltr'><strong>nuper</strong></span> <span class='ocrx_word' id='word_1_616' title='bbox 2132 3274 2279 3327; x_wconf 57' lang='lat' dir='ltr'><strong>cita</strong></span> <span class='ocrx_word' id='word_1_617' title='bbox 2304 3289 2456 3326; x_wconf 76' lang='lat' dir='ltr'><strong>num.</strong></span> <span class='ocrx_word' id='word_1_618' title='bbox 2497 3274 2619 3326; x_wconf 72' lang='lat'>142.</span> 
     </span>
    </p>

    <p class='ocr_par' dir='ltr' id='par_1_6' title="bbox 1922 3352 3501 5038">
     <span class='ocr_line' id='line_1_93' title="bbox 2019 3352 3501 3426; baseline 0.005 -17"><span class='ocrx_word' id='word_1_619' title='bbox 2019 3355 2102 3410; x_wconf 87' lang='lat'><strong>19.</strong></span> <span class='ocrx_word' id='word_1_620' title='bbox 2143 3353 2418 3426; x_wconf 87' lang='lat' dir='ltr'><strong>Arguitur</strong></span> <span class='ocrx_word' id='word_1_621' title='bbox 2455 3352 2702 3410; x_wconf 89' lang='lat' dir='ltr'><strong>secundo</strong></span> <span class='ocrx_word' id='word_1_622' title='bbox 2729 3353 2799 3410; x_wconf 91' lang='lat' dir='ltr'><strong>ab</strong></span> <span class='ocrx_word' id='word_1_623' title='bbox 2828 3354 3295 3413; x_wconf 85' lang='lat' dir='ltr'><strong>inconvenienti·</strong></span> <span class='ocrx_word' id='word_1_624' title='bbox 3336 3374 3501 3416; x_wconf 77' lang='lat' dir='ltr'><strong>secuu-</strong></span> 
     </span>
     <span class='ocr_line' id='line_1_94' title="bbox 1939 3421 3492 3524; baseline 0.001 -35"><span class='ocrx_word' id='word_1_625' title='bbox 1939 3432 2060 3499; x_wconf 78' lang='lat' dir='ltr'><strong>buS,</strong></span> <span class='ocrx_word' id='word_1_626' title='bbox 2094 3450 2217 3505; x_wconf 83' lang='lat' dir='ltr'><strong>quae</strong></span> <span class='ocrx_word' id='word_1_627' title='bbox 2259 3448 2331 3489; x_wconf 87' lang='lat' dir='ltr'><strong>ex</strong></span> <span class='ocrx_word' id='word_1_628' title='bbox 2383 3437 2579 3490; x_wconf 89' lang='lat' dir='ltr'><strong>nostra</strong></span> <span class='ocrx_word' id='word_1_629' title='bbox 2621 3435 2903 3490; x_wconf 89' lang='lat' dir='ltr'><strong>sententia</strong></span> <span class='ocrx_word' id='word_1_630' title='bbox 2938 3421 3492 3524; x_wconf 62' lang='lat' dir='ltr'><strong>inferuntur-‚gggggj</strong></span> 
     </span>
     <span class='ocr_line' id='line_1_95' title="bbox 1938 3513 3460 3586; baseline 0.002 -17"><span class='ocrx_word' id='word_1_631' title='bbox 1938 3513 2127 3569; x_wconf 77' lang='lat' dir='ltr'><strong>Primo</strong></span> <span class='ocrx_word' id='word_1_632' title='bbox 2147 3513 2420 3586; x_wconf 87' lang='lat' dir='ltr'><strong>sequitur,</strong></span> <span class='ocrx_word' id='word_1_633' title='bbox 2453 3528 2624 3569; x_wconf 91' lang='lat' dir='ltr'><strong>omne</strong></span> <span class='ocrx_word' id='word_1_634' title='bbox 2666 3518 2952 3584; x_wconf 88' lang='lat' dir='ltr'><strong>peccatum</strong></span> <span class='ocrx_word' id='word_1_635' title='bbox 3002 3514 3294 3572; x_wconf 89' lang='lat' dir='ltr'><strong>habituale</strong></span> <span class='ocrx_word' id='word_1_636' title='bbox 3355 3525 3460 3564; x_wconf 82' lang='lat' dir='ltr'><strong>tum.</strong></span> 
     </span>
     <span class='ocr_line' id='line_1_96' title="bbox 1935 3593 3295 3668; baseline 0.002 -18"><span class='ocrx_word' id='word_1_637' title='bbox 1935 3595 2060 3652; x_wconf 72' lang='lat' dir='ltr'><strong>iore</strong></span> <span class='ocrx_word' id='word_1_638' title='bbox 2078 3595 2330 3668; x_wconf 84' lang='lat' dir='ltr'><strong>ejusdem</strong></span> <span class='ocrx_word' id='word_1_639' title='bbox 2357 3593 2562 3666; x_wconf 89' lang='lat' dir='ltr'><strong>speciei</strong></span> <span class='ocrx_word' id='word_1_640' title='bbox 2590 3618 2604 3660; x_wconf 68' lang='grc' dir='ltr'><strong><em>ς</em></strong></span> <span class='ocrx_word' id='word_1_641' title='bbox 2634 3596 2770 3666; x_wconf 90' lang='lat' dir='ltr'><strong>quia</strong></span> <span class='ocrx_word' id='word_1_642' title='bbox 2806 3596 3157 3668; x_wconf 89' lang='lat' dir='ltr'><strong>privationes</strong></span> <span class='ocrx_word' id='word_1_643' title='bbox 3209 3612 3295 3654; x_wconf 91' lang='lat' dir='ltr'><strong>re-</strong></span> 
     </span>
     <span class='ocr_line' id='line_1_97' title="bbox 1934 3673 3296 3750; baseline 0.002 -20"><span class='ocrx_word' id='word_1_644' title='bbox 1934 3677 2206 3749; x_wconf 89' lang='lat' dir='ltr'><strong>gulantur</strong></span> <span class='ocrx_word' id='word_1_645' title='bbox 2230 3690 2400 3748; x_wconf 88' lang='lat' dir='ltr'><strong>penes</strong></span> <span class='ocrx_word' id='word_1_646' title='bbox 2428 3673 2697 3740; x_wconf 74' lang='lat' dir='ltr'><strong>formam,</strong></span> <span class='ocrx_word' id='word_1_647' title='bbox 2731 3691 2842 3747; x_wconf 92' lang='lat' dir='ltr'><strong>qua</strong></span> <span class='ocrx_word' id='word_1_648' title='bbox 2869 3677 3139 3747; x_wconf 87' lang='lat' dir='ltr'><strong>privant:</strong></span> <span class='ocrx_word' id='word_1_649' title='bbox 3167 3692 3296 3750; x_wconf 85' lang='lat' dir='ltr'><strong>gra-</strong></span> 
     </span>
     <span class='ocr_line' id='line_1_98' title="bbox 1932 3753 3292 3829; baseline 0 -18"><span class='ocrx_word' id='word_1_650' title='bbox 1932 3756 2015 3812; x_wconf 90' lang='lat' dir='ltr'><strong>tia</strong></span> <span class='ocrx_word' id='word_1_651' title='bbox 2040 3761 2230 3811; x_wconf 88' lang='lat' dir='ltr'><strong>autem</strong></span> <span class='ocrx_word' id='word_1_652' title='bbox 2281 3753 2641 3810; x_wconf 85' lang='lat' dir='ltr'><strong>sanctificans</strong></span> <span class='ocrx_word' id='word_1_653' title='bbox 2681 3760 2767 3810; x_wconf 90' lang='lat' dir='ltr'><strong>est</strong></span> <span class='ocrx_word' id='word_1_654' title='bbox 2804 3755 3058 3829; x_wconf 86' lang='lat' dir='ltr'><strong>ejusdem</strong></span> <span class='ocrx_word' id='word_1_655' title='bbox 3085 3756 3292 3829; x_wconf 89' lang='lat' dir='ltr'><strong>speciei</strong></span> 
     </span>
     <span class='ocr_line' id='line_1_99' title="bbox 1934 3834 3294 3910; baseline 0 -16"><span class='ocrx_word' id='word_1_656' title='bbox 1934 3838 1997 3894; x_wconf 93' lang='lat' dir='ltr'><strong>in</strong></span> <span class='ocrx_word' id='word_1_657' title='bbox 2033 3836 2303 3893; x_wconf 91' lang='lat' dir='ltr'><strong>omnibus</strong></span> <span class='ocrx_word' id='word_1_658' title='bbox 2349 3834 2713 3893; x_wconf 88' lang='lat' dir='ltr'><strong>hominibus:</strong></span> <span class='ocrx_word' id='word_1_659' title='bbox 2739 3852 2874 3910; x_wconf 89' lang='lat' dir='ltr'><strong>ergo</strong></span> <span class='ocrx_word' id='word_1_660' title='bbox 2913 3836 2961 3892; x_wconf 87' lang='lat' dir='ltr'><strong>si</strong></span> <span class='ocrx_word' id='word_1_661' title='bbox 3004 3844 3294 3910; x_wconf 88' lang='lat' dir='ltr'><strong>peccatum</strong></span> 
     </span>
     <span class='ocr_line' id='line_1_100' title="bbox 1934 3915 3294 3989; baseline 0.001 -16"><span class='ocrx_word' id='word_1_662' title='bbox 1934 3917 2224 3973; x_wconf 88' lang='lat' dir='ltr'><strong>habituale</strong></span> <span class='ocrx_word' id='word_1_663' title='bbox 2244 3916 2501 3972; x_wconf 87' lang='lat' dir='ltr'><strong>consistit</strong></span> <span class='ocrx_word' id='word_1_664' title='bbox 2529 3915 2853 3972; x_wconf 74' lang='lat' dir='ltr'><strong>formaliter</strong></span> <span class='ocrx_word' id='word_1_665' title='bbox 2882 3916 2944 3972; x_wconf 91' lang='lat' dir='ltr'><strong>in</strong></span> <span class='ocrx_word' id='word_1_666' title='bbox 2970 3916 3294 3989; x_wconf 89' lang='lat' dir='ltr'><strong>privatione</strong></span> 
     </span>
     <span class='ocr_line' id='line_1_101' title="bbox 1930 3995 3294 4073; baseline -0.001 -18"><span class='ocrx_word' id='word_1_667' title='bbox 1930 3999 2146 4073; x_wconf 84' lang='lat' dir='ltr'><strong>gratiae,</strong></span> <span class='ocrx_word' id='word_1_668' title='bbox 2181 3998 2349 4070; x_wconf 90' lang='lat' dir='ltr'><strong>plane</strong></span> <span class='ocrx_word' id='word_1_669' title='bbox 2376 3995 2645 4060; x_wconf 78' lang='lat' dir='ltr'><strong>infertur,</strong></span> <span class='ocrx_word' id='word_1_670' title='bbox 2678 3997 2879 4054; x_wconf 89' lang='lat' dir='ltr'><strong>omnia</strong></span> <span class='ocrx_word' id='word_1_671' title='bbox 2923 4004 3143 4069; x_wconf 89' lang='lat' dir='ltr'><strong>peccata</strong></span> <span class='ocrx_word' id='word_1_672' title='bbox 3184 3998 3294 4054; x_wconf 89' lang='lat' dir='ltr'><strong>ha-</strong></span> 
     </span>
     <span class='ocr_line' id='line_1_102' title="bbox 1933 4076 3289 4150; baseline -0.001 -15"><span class='ocrx_word' id='word_1_673' title='bbox 1933 4079 2171 4135; x_wconf 87' lang='lat' dir='ltr'><strong>bitualia</strong></span> <span class='ocrx_word' id='word_1_674' title='bbox 2190 4094 2312 4135; x_wconf 91' lang='lat' dir='ltr'><strong>esse</strong></span> <span class='ocrx_word' id='word_1_675' title='bbox 2358 4076 2611 4150; x_wconf 86' lang='lat' dir='ltr'><strong>ejusdem</strong></span> <span class='ocrx_word' id='word_1_676' title='bbox 2650 4078 2877 4150; x_wconf 88' lang='lat' dir='ltr'><strong>speciei.</strong></span> <span class='ocrx_word' id='word_1_677' title='bbox 2933 4081 3046 4135; x_wconf 87' lang='lat' dir='ltr'><strong>Hoc</strong></span> <span class='ocrx_word' id='word_1_678' title='bbox 3098 4085 3289 4136; x_wconf 87' lang='lat' dir='ltr'><strong>autem</strong></span> 
     </span>
     <span class='ocr_line' id='line_1_103' title="bbox 1933 4159 3292 4234; baseline -0.001 -16"><span class='ocrx_word' id='word_1_679' title='bbox 1933 4163 2129 4234; x_wconf 90' lang='lat' dir='ltr'><strong>nequit</strong></span> <span class='ocrx_word' id='word_1_680' title='bbox 2144 4159 2388 4224; x_wconf 87' lang='lat' dir='ltr'><strong>admitti,</strong></span> <span class='ocrx_word' id='word_1_681' title='bbox 2420 4175 2550 4214; x_wconf 90' lang='lat' dir='ltr'><strong>cum</strong></span> <span class='ocrx_word' id='word_1_682' title='bbox 2572 4159 2736 4230; x_wconf 84' lang='lat' dir='ltr'><strong>juxta</strong></span> <span class='ocrx_word' id='word_1_683' title='bbox 2774 4175 3142 4217; x_wconf 88' lang='lat' dir='ltr'><strong>communem</strong></span> <span class='ocrx_word' id='word_1_684' title='bbox 3171 4177 3292 4217; x_wconf 88' lang='lat' dir='ltr'><strong>mo-</strong></span> 
     </span>
     <span class='ocr_line' id='line_1_104' title="bbox 1930 4223 3291 4313; baseline -0.001 -16"><span class='ocrx_word' id='word_1_685' title='bbox 1930 4242 2068 4297; x_wconf 90' lang='lat' dir='ltr'><strong>dum</strong></span> <span class='ocrx_word' id='word_1_686' title='bbox 2096 4238 2452 4313; x_wconf 89' lang='lat' dir='ltr'><strong>concipiendi</strong></span> <span class='ocrx_word' id='word_1_687' title='bbox 2500 4223 2776 4306; x_wconf 64' lang='lat' dir='ltr'><strong>dicamus,</strong></span> <span class='ocrx_word' id='word_1_688' title='bbox 2810 4255 2991 4295; x_wconf 90' lang='lat' dir='ltr'><strong>unum</strong></span> <span class='ocrx_word' id='word_1_689' title='bbox 3035 4246 3291 4312; x_wconf 81' lang='lat' dir='ltr'><strong>peccato—</strong></span> 
     </span>
     <span class='ocr_line' id='line_1_105' title="bbox 1932 4319 3287 4392; baseline -0.002 -13"><span class='ocrx_word' id='word_1_690' title='bbox 1932 4339 2053 4379; x_wconf 86' lang='lat' dir='ltr'><strong>rem</strong></span> <span class='ocrx_word' id='word_1_691' title='bbox 2075 4338 2213 4392; x_wconf 67' lang='lat' dir='ltr'><strong>esse⁴</strong></span> <span class='ocrx_word' id='word_1_692' title='bbox 2234 4322 2582 4376; x_wconf 87' lang='lat' dir='ltr'><strong>maculatum</strong></span> <span class='ocrx_word' id='word_1_693' title='bbox 2627 4326 2848 4391; x_wconf 87' lang='lat' dir='ltr'><strong>peccato</strong></span> <span class='ocrx_word' id='word_1_694' title='bbox 2894 4319 3054 4387; x_wconf 81' lang='lat' dir='ltr'><strong>furti,</strong></span> <span class='ocrx_word' id='word_1_695' title='bbox 3104 4321 3287 4377; x_wconf 88' lang='lat' dir='ltr'><strong>alium</strong></span> 
     </span>
     <span class='ocr_line' id='line_1_106' title="bbox 1931 4400 3283 4480; baseline -0.001 -19"><span class='ocrx_word' id='word_1_696' title='bbox 1931 4411 2152 4477; x_wconf 89' lang='lat' dir='ltr'><strong>peccato</strong></span> <span class='ocrx_word' id='word_1_697' title='bbox 2199 4401 2511 4480; x_wconf 79' lang='lat' dir='ltr'><strong>homicidii,</strong></span> <span class='ocrx_word' id='word_1_698' title='bbox 2558 4406 2662 4457; x_wconf 88' lang='lat' dir='ltr'><strong>etc.</strong></span> <span class='ocrx_word' id='word_1_699' title='bbox 2718 4400 2966 4457; x_wconf 72' lang='lat' dir='ltr'><strong>Secundo</strong></span> <span class='ocrx_word' id='word_1_700' title='bbox 3013 4401 3283 4466; x_wconf 86' lang='lat' dir='ltr'><strong>infertur.</strong></span> 
     </span>
     <span class='ocr_line' id='line_1_107' title="bbox 1928 4481 3285 4555; baseline -0.002 -14"><span class='ocrx_word' id='word_1_701' title='bbox 1928 4500 2127 4542; x_wconf 87' lang='lat' dir='ltr'><strong>omnes</strong></span> <span class='ocrx_word' id='word_1_702' title='bbox 2156 4487 2468 4555; x_wconf 89' lang='lat' dir='ltr'><strong>peccatores</strong></span> <span class='ocrx_word' id='word_1_703' title='bbox 2494 4496 2616 4537; x_wconf 90' lang='lat' dir='ltr'><strong>esse</strong></span> <span class='ocrx_word' id='word_1_704' title='bbox 2640 4481 2934 4551; x_wconf 81' lang='lat' dir='ltr'><strong>aequaliter</strong></span> <span class='ocrx_word' id='word_1_705' title='bbox 2952 4482 3285 4539; x_wconf 85' lang='lat' dir='ltr'><strong>maculatos:</strong></span> 
     </span>
     <span class='ocr_line' id='line_1_108' title="bbox 1929 4561 3286 4636; baseline -0.001 -16"><span class='ocrx_word' id='word_1_706' title='bbox 1929 4581 2065 4620; x_wconf 89' lang='lat' dir='ltr'><strong>nam</strong></span> <span class='ocrx_word' id='word_1_707' title='bbox 2087 4562 2335 4636; x_wconf 85' lang='lat' dir='ltr'><strong>privatio</strong></span> <span class='ocrx_word' id='word_1_708' title='bbox 2358 4562 2419 4616; x_wconf 89' lang='lat' dir='ltr'><strong>in</strong></span> <span class='ocrx_word' id='word_1_709' title='bbox 2448 4561 2593 4616; x_wconf 79' lang='lat' dir='ltr'><strong>facto</strong></span> <span class='ocrx_word' id='word_1_710' title='bbox 2618 4575 2739 4616; x_wconf 90' lang='lat' dir='ltr'><strong>esse</strong></span> <span class='ocrx_word' id='word_1_711' title='bbox 2761 4576 2877 4616; x_wconf 90' lang='lat' dir='ltr'><strong>non</strong></span> <span class='ocrx_word' id='word_1_712' title='bbox 2895 4561 3132 4634; x_wconf 87' lang='lat' dir='ltr'><strong>suscipit</strong></span> <span class='ocrx_word' id='word_1_713' title='bbox 3155 4578 3286 4619; x_wconf 88' lang='lat' dir='ltr'><strong>ma-</strong></span> 
     </span>
     <span class='ocr_line' id='line_1_109' title="bbox 1925 4638 3474 4719; baseline 0.003 -19"><span class='ocrx_word' id='word_1_714' title='bbox 1925 4645 2029 4719; x_wconf 88' lang='lat' dir='ltr'><strong>gis,</strong></span> <span class='ocrx_word' id='word_1_715' title='bbox 2080 4648 2134 4698; x_wconf 84' lang='lat' dir='ltr'><strong>et</strong></span> <span class='ocrx_word' id='word_1_716' title='bbox 2174 4643 2388 4706; x_wconf 90' lang='lat' dir='ltr'><strong>minus,</strong></span> <span class='ocrx_word' id='word_1_717' title='bbox 2440 4645 2502 4694; x_wconf 93' lang='lat' dir='ltr'><strong>ut</strong></span> <span class='ocrx_word' id='word_1_718' title='bbox 2552 4638 2711 4696; x_wconf 89' lang='lat' dir='ltr'><strong>docet</strong></span> <span class='ocrx_word' id='word_1_719' title='bbox 2738 4643 2799 4694; x_wconf 89' lang='lat' dir='ltr'><strong>D.</strong></span> <span class='ocrx_word' id='word_1_720' title='bbox 2857 4641 3058 4698; x_wconf 88' lang='lat' dir='ltr'><strong>Thom.</strong></span> <span class='ocrx_word' id='word_1_721' title='bbox 3108 4659 3284 4715; x_wconf 91' lang='lat' dir='ltr'><strong>supra</strong></span> <span class='ocrx_word' id='word_1_722' title='bbox 3312 4661 3474 4704; x_wconf 66' lang='lat' dir='ltr'><strong>urbo.</strong></span> 
     </span>
     <span class='ocr_line' id='line_1_110' title="bbox 1925 4723 3284 4799; baseline -0.001 -17"><span class='ocrx_word' id='word_1_723' title='bbox 1925 4733 2103 4799; x_wconf 55' lang='lat' dir='ltr'><strong>quast.</strong></span> <span class='ocrx_word' id='word_1_724' title='bbox 2121 4727 2213 4789; x_wconf 89' lang='grc'><strong>73,</strong></span> <span class='ocrx_word' id='word_1_725' title='bbox 2239 4732 2346 4781; x_wconf 83' lang='lat' dir='ltr'><strong>art.</strong></span> <span class='ocrx_word' id='word_1_726' title='bbox 2374 4725 2427 4787; x_wconf 76' lang='grc'><strong>’2,</strong></span> <span class='ocrx_word' id='word_1_727' title='bbox 2452 4730 2500 4777; x_wconf 80' lang='lat' dir='ltr'><strong>et</strong></span> <span class='ocrx_word' id='word_1_728' title='bbox 2526 4729 2706 4795; x_wconf 66' lang='lat' dir='ltr'><strong>quaest.</strong></span> <span class='ocrx_word' id='word_1_729' title='bbox 2725 4723 2816 4787; x_wconf 64' lang='lat'><strong>82,</strong></span> <span class='ocrx_word' id='word_1_730' title='bbox 2842 4729 2953 4778; x_wconf 82' lang='lat' dir='ltr'><strong>art.</strong></span> <span class='ocrx_word' id='word_1_731' title='bbox 2983 4727 3017 4778; x_wconf 90' lang='grc'>4</span> <span class='ocrx_word' id='word_1_732' title='bbox 3043 4748 3056 4791; x_wconf 90' lang='grc'><strong>;</strong></span> <span class='ocrx_word' id='word_1_733' title='bbox 3082 4725 3284 4797; x_wconf 83' lang='lat' dir='ltr'><strong>priva-</strong></span> 
     </span>
     <span class='ocr_line' id='line_1_111' title="bbox 1926 4800 3278 4877; baseline 0 -17"><span class='ocrx_word' id='word_1_734' title='bbox 1926 4806 2005 4862; x_wconf 92' lang='lat' dir='ltr'><strong>tio</strong></span> <span class='ocrx_word' id='word_1_735' title='bbox 2031 4812 2220 4861; x_wconf 89' lang='lat' dir='ltr'><strong>autem</strong></span> <span class='ocrx_word' id='word_1_736' title='bbox 2243 4803 2439 4877; x_wconf 66' lang='lat' dir='ltr'><strong>gratiae</strong></span> <span class='ocrx_word' id='word_1_737' title='bbox 2465 4806 2548 4858; x_wconf 91' lang='lat' dir='ltr'><strong>est</strong></span> <span class='ocrx_word' id='word_1_738' title='bbox 2577 4800 2824 4872; x_wconf 87' lang='lat' dir='ltr'><strong>privatio</strong></span> <span class='ocrx_word' id='word_1_739' title='bbox 2864 4803 2925 4857; x_wconf 89' lang='lat' dir='ltr'><strong>in</strong></span> <span class='ocrx_word' id='word_1_740' title='bbox 2966 4802 3112 4860; x_wconf 81' lang='lat' dir='ltr'><strong>facto</strong></span> <span class='ocrx_word' id='word_1_741' title='bbox 3136 4818 3278 4869; x_wconf 81' lang='lat' dir='ltr'><strong>esse,</strong></span> 
     </span>
     <span class='ocr_line' id='line_1_112' title="bbox 1922 4881 3284 4959; baseline 0.001 -19"><span class='ocrx_word' id='word_1_742' title='bbox 1922 4886 2203 4959; x_wconf 84' lang='lat' dir='ltr'><strong>siquidem</strong></span> <span class='ocrx_word' id='word_1_743' title='bbox 2234 4885 2383 4941; x_wconf 89' lang='lat' dir='ltr'><strong>nihil</strong></span> <span class='ocrx_word' id='word_1_744' title='bbox 2406 4883 2604 4956; x_wconf 60' lang='lat' dir='ltr'><strong>gratia)</strong></span> <span class='ocrx_word' id='word_1_745' title='bbox 2632 4881 2906 4954; x_wconf 90' lang='lat' dir='ltr'><strong>relinquit</strong></span> <span class='ocrx_word' id='word_1_746' title='bbox 2927 4905 2940 4943; x_wconf 68' lang='grc' dir='ltr'>ς</span> <span class='ocrx_word' id='word_1_747' title='bbox 2963 4890 3130 4957; x_wconf 83' lang='lat' dir='ltr'><strong>atque</strong></span> <span class='ocrx_word' id='word_1_748' title='bbox 3156 4884 3284 4942; x_wconf 93' lang='lat' dir='ltr'><strong>ideo</strong></span> 
     </span>
     <span class='ocr_line' id='line_1_113' title="bbox 1923 4963 3276 5038; baseline -0.001 -15"><span class='ocrx_word' id='word_1_749' title='bbox 1923 4983 2120 5024; x_wconf 88' lang='lat' dir='ltr'><strong>omues</strong></span> <span class='ocrx_word' id='word_1_750' title='bbox 2142 4971 2454 5038; x_wconf 87' lang='lat' dir='ltr'><strong>peccatores</strong></span> <span class='ocrx_word' id='word_1_751' title='bbox 2480 4967 2651 5020; x_wconf 90' lang='lat' dir='ltr'><strong>erunt</strong></span> <span class='ocrx_word' id='word_1_752' title='bbox 2671 4963 2969 5034; x_wconf 67' lang='lat' dir='ltr'><strong>aequaliter</strong></span> <span class='ocrx_word' id='word_1_753' title='bbox 2984 4965 3276 5022; x_wconf 89' lang='lat' dir='ltr'><strong>maculati.</strong></span> 
     </span>
    </p>

    <p class='ocr_par' dir='ltr' id='par_1_7' title="bbox 2918 5045 3280 5116">
     <span class='ocr_line' id='line_1_114' title="bbox 2918 5045 3280 5116; baseline -0.006 -16"><span class='ocrx_word' id='word_1_754' title='bbox 2918 5045 3280 5116; x_wconf 87' lang='lat' dir='ltr'><strong>Consequens</strong></span> 
     </span>
    </p>
   </div>
  </div>
 </body>
</html>
