3647 5753
73 2152 225 2196 Prima

1400 412 1582 469 DlSP.
1624 412 1719 481 1V,
1760 413 1929 471 DUB.
1971 415 2041 473 V.

289 582 497 656 poterit
522 582 778 641 similem
805 584 1304 652 informationem,
1330 577 1386 642 et
1412 585 1655 642 ordina-

286 667 505 724 tionem
532 665 771 734 efficere,
829 667 945 723 nisi
995 667 1072 723 sit
1117 667 1250 723 talis
1277 667 1649 736 conditionis,

287 747 438 821 quod
487 747 665 821 possit
709 746 822 804 sibi
875 747 945 805 ad
1001 750 1241 820 plenum
1267 747 1654 806 subordinare

288 829 473 902 ipsam
501 828 891 896 voluntatem;
917 829 987 885 ad
1015 831 1164 902 quod
1184 830 1458 905 exigitur,
1502 830 1652 903 quod

285 910 359 965 sit
379 909 633 967 totaliter
652 909 917 982 superior
939 911 1063 984 ipsa
1085 913 1400 978 voluntate,
1415 917 1471 968 et
1487 913 1650 971 nullo

284 990 456 1048 modo
475 992 528 1048 ei
556 989 931 1049 subordinata
958 1014 971 1049 ε
1019 993 1170 1067 quod
1213 997 1366 1066 patet
1392 994 1545 1050 nulli
1579 1009 1652 1051 ex

280 1070 573 1128 habitibus
598 1070 823 1129 ordinis
865 1075 1151 1130 naturalis
1207 1090 1370 1148 posse
1415 1090 1649 1146 compe-

282 1156 420 1210 tere.
446 1155 594 1210 Nam
621 1153 949 1228 hujusmodi
978 1154 1233 1222 habitus,
1259 1160 1538 1213 eteorum
1561 1171 1648 1213 ac-

278 1239 370 1290 tus
396 1235 715 1293 necessario
735 1234 1194 1294 subordinantur
1215 1236 1405 1294 eidem
1433 1235 1648 1293 volun-

280 1316 402 1386 tati,
430 1321 487 1374 et
506 1317 587 1373 ita
609 1322 900 1390 nequeunt
912 1316 1026 1375 sibi
1048 1318 1214 1375 illam
1240 1316 1643 1376 subordinate.

279 1399 477 1455 Solum
507 1399 683 1473 igitur
711 1405 891 1473 potest
917 1400 1250 1475 hujusmodi
1294 1399 1647 1457 subordina-

278 1482 359 1537 tio
378 1488 698 1554 competere
725 1481 948 1539 habitui
979 1483 1089 1551 illi,
1114 1485 1211 1558 qui
1239 1501 1311 1542 ex
1340 1500 1456 1541 una
1485 1489 1646 1558 parte

277 1565 528 1621 totaliter
553 1569 638 1621 est
656 1581 833 1639 supra
858 1566 1046 1639 ipsam
1072 1569 1455 1636 voluntatem,
1493 1573 1550 1625 et
1573 1584 1645 1626 ex

278 1647 395 1703 alia
424 1647 654 1719 respicit
676 1662 777 1720 per
802 1663 863 1705 se
883 1646 1062 1706 finem
1090 1650 1368 1708 ultimum
1388 1649 1645 1723 superio-

278 1745 403 1786 rem
447 1728 519 1785 ad
559 1728 735 1786 finem
784 1728 965 1802 ipsius
991 1733 1344 1800 voluntatis3
1372 1733 1473 1804 qui
1502 1745 1643 1788 sane

276 1810 521 1878 habitus,
554 1816 617 1866 ut
653 1816 890 1877 constat,
934 1813 1124 1870 solum
1167 1818 1347 1886 potest
1371 1829 1494 1872 esse
1534 1814 1642 1869 ha-

274 1890 428 1948 bitus
472 1891 771 1949 charitatis
804 1913 818 1949 =
883 1894 937 1951 ei
1003 1910 1159 1968 erge,
1203 1901 1259 1952 et
1304 1911 1422 1972 non
1471 1894 1639 1952 alteri

272 1971 463 2030 debita
490 1974 602 2030 erit
620 1974 907 2047 generalis
930 1973 1034 2033 illa
1063 1975 1424 2043 informatio,
1455 1981 1513 2033 et
1538 1992 1640 2034 or-

272 2052 496 2111 dinatio
516 2053 730 2121 efficax,
755 2071 929 2128 quam
958 2056 1367 2130 explicuimus.

359 2140 477 2195 101.
524 2137 630 2194 Sed
660 2138 891 2213 urgebis
912 2140 1120 2212 primo.
1153 2142 1325 2196 Actus
1364 2156 1475 2213 quo
1498 2138 1638 2196 infi-

45 2201 418 2277 ‘’Meam-dolis
443 2236 521 2288 se,
547 2226 604 2277 et
624 2220 823 2277 omnia
867 2239 972 2279 sua
1015 2223 1174 2280 idolo
1227 2221 1425 2289 refert,
1483 2221 1637 2281 adae-

60 3546 222 3589 secun-

100 3593 171 3639 da.

55 4608 211 4653 Tertia.

272 2306 441 2375 quate
480 2300 648 2366 sistit,
679 2301 884 2358 saltem
931 2302 1078 2359 sicut
1122 2303 1186 2359 in
1226 2300 1441 2375 obJecto
1468 2304 1629 2380 quod,

271 2383 335 2439 in
358 2382 506 2440 bono
528 2385 849 2457 apparenti,
873 2386 1022 2458 quod
1044 2386 1331 2459 reperitur
1358 2385 1420 2441 in
1448 2385 1630 2444 idolo:

268 2478 406 2538 ergo
426 2464 642 2521 bonum
671 2464 774 2521 hoc
800 2467 912 2523 erit
932 2470 1054 2543 ejus
1073 2465 1210 2523 finis
1234 2465 1472 2523 ultimus
1490 2465 1633 2524 adae-

269 2551 491 2616 quatus,
524 2547 727 2602 saltem
756 2549 1095 2618 materialis,
1128 2564 1257 2606 cum
1286 2547 1466 2622 igitur
1494 2548 1633 2604 uni-

269 2628 508 2684 versalis
531 2629 632 2685 illa
660 2626 857 2685 efficax
876 2630 1143 2686 omnium
1173 2628 1485 2694 ordinatio,
1507 2645 1632 2702 quae

267 2706 506 2766 debetur
521 2708 627 2765 fini
651 2711 856 2767 ultimo
879 2710 1132 2778 formali,
1166 2707 1437 2767 debeatur
1450 2710 1628 2767 etiam

254 2806 368 2848 ,suo
397 2793 564 2850 modo
590 2790 697 2849 fini
725 2794 931 2850 ultimo
986 2793 1279 2851 materiali
1309 2791 1622 2865 adaequato,

265 2890 615 2948 consequens
650 2882 756 2942 est,
802 2874 952 2951 quod
998 2876 1144 2934 sicut
1190 2874 1482 2934 ordinatio
1501 2891 1627 2949 quae

264 2952 328 3008 fit
349 2954 412 3011 in
441 2953 616 3012 finem
646 2957 921 3014 ultimum
945 2956 1271 3027 formalem,
1324 2973 1533 3030 nempe
1559 2958 1623 3013 in

262 3036 479 3095 bonum
521 3041 842 3113 proprium,
867 3045 953 3098 est
989 3040 1184 3098 efficax
1231 3047 1485 3114 respectu
1528 3058 1625 3097 ac-

262 3123 426 3176 tuum
469 3122 733 3178 omnium
754 3165 767 3188 ,
818 3121 1021 3178 saltem
1091 3123 1489 3197 naturalium3
1543 3122 1626 3178 ita

260 3199 436 3257 etiam
465 3202 775 3268 ordinatio,
820 3217 945 3275 quae
966 3201 1030 3256 fit
1051 3218 1153 3275 per
1174 3202 1507 3275 praedIctum
1538 3217 1624 3258 ac-

260 3287 385 3338 tum
414 3281 477 3338 in
500 3281 742 3340 idolum.
792 3284 920 3338 Jam
968 3297 1104 3354 ergo
1153 3298 1226 3339 ex
1276 3283 1492 3357 objecto
1519 3282 1625 3339 hoc

260 3364 653 3435 peccaminoso
679 3362 974 3420 habebunt
994 3379 1196 3421 omnes
1222 3369 1378 3421 actus
1409 3362 1622 3422 infide-

260 3444 405 3499 lium
435 3444 747 3501 malitiam.

333 3523 575 3599 Urgebis
604 3532 895 3598 praeterea,
910 3525 1059 3599 quod
1076 3525 1292 3583 bonum
1313 3527 1618 3601 proprium

256 3606 592 3673 idololatrae,
620 3613 676 3664 et
695 3607 945 3680 cujusvis
978 3609 1286 3679 peccatoris
1307 3624 1425 3665 non
1448 3607 1620 3667 habet

252 3689 415 3763 quod.
430 3690 506 3745 sit
527 3690 879 3747 irreferibile
902 3691 964 3747 in
986 3690 1164 3749 finem
1199 3699 1619 3765 supernatura-

252 3772 367 3829 lem
394 3775 478 3843 (ut
504 3772 676 3829 modo
702 3771 1071 3845 dicebamus),
1118 3776 1231 3831 nisi
1279 3774 1504 3832 ratione
1524 3776 1617 3832 sui

251 3854 458 3926 peccati
492 3875 505 3909 ε
546 3869 682 3927 ergo
724 3852 950 3911 ratione
976 3853 1233 3927 ejusdem
1275 3856 1485 3929 peccati
1508 3855 1617 3913 ha·

249 3934 423 4000 bebit‚
445 3935 594 4008 quod
618 3935 692 3991 sit
715 3934 1042 3993 formaliter
1070 3934 1206 3991 finis
1231 3937 1352 4010 ejus
1373 3936 1615 3996 omnino

250 4018 527 4073 ultimus:
572 4018 761 4089 ipsum
810 4033 946 4092 ergo
982 4023 1269 4091 peccatum
1311 4019 1426 4075 erit
1466 4021 1615 4078 ratio

249 4099 573 4157 formaliter
599 4097 970 4156 constitutiva
1023 4101 1192 4175 hujus
1232 4098 1401 4168 finis;
1448 4105 1615 4174 atque

247 4178 388 4236 adeo
412 4179 462 4234 si
502 4177 904 4236 subordinatio
956 4180 1324 4245 universalis,
1374 4197 1502 4254 quae
1542 4182 1613 4239 ab

247 4262 485 4319 homine
505 4260 570 4317 fit
591 4268 846 4336 respectu
868 4263 958 4319 sui
979 4263 1207 4319 ultimis
1228 4260 1362 4319 finis
1390 4264 1613 4322 forma-

248 4344 341 4410 lis,
370 4347 456 4400 est
479 4342 694 4410 efficax,
719 4344 896 4401 etiam
948 4345 1061 4402 erit
1107 4343 1303 4402 efficax
1333 4344 1455 4413 illa,
1487 4363 1612 4420 quae

246 4423 312 4479 fit
338 4423 401 4478 in
428 4422 710 4499 objectum
769 4426 1095 4484 mortaliter
1141 4425 1608 4499 peccaminosum

248 4522 351 4580 per
377 4511 565 4564 actum
596 4508 825 4580 peccati.

321 4590 561 4665 Urgebis
582 4591 769 4658 tertio,
794 4591 929 4664 quia
956 4590 1007 4647 si
1033 4590 1343 4658 ordinatio,
1375 4609 1503 4666 quae
1545 4592 1609 4650 fit

242 4687 277 4728 a
297 4677 587 4745 peccatore
614 4672 678 4728 in
698 4688 868 4728 suum
891 4670 1067 4729 finem
1083 4672 1364 4729 ultimum
1392 4673 1609 4732 forma-

243 4756 379 4821 lem,
403 4760 488 4813 est
507 4755 702 4812 efficax
750 4761 1004 4828 respectu
1058 4755 1325 4812 omnium
1374 4761 1606 4816 actuum

242 4836 732 4909 subsequentium,
763 4837 967 4893 saltem
991 4836 1371 4903 naturalium,
1403 4853 1475 4895 ex
1496 4839 1606 4899 isto

243 4918 360 4977 fine
382 4919 615 4976 formali
657 4917 951 4976 habebunt
994 4934 1196 4977 omnes
1224 4917 1480 4992 praedicti
1508 4937 1605 4979 ac-

239 5007 331 5057 tus
351 4999 661 5067 malitiam,
692 5005 750 5058 et
776 5000 856 5057 ita
884 5001 1083 5058 nullus
1129 4998 1229 5058 flet
1254 5017 1289 5058 a
1315 5006 1604 5074 peccatore

240 5091 396 5146 actus
420 5082 601 5141 bonus
628 5084 947 5142 moraliter.

3038 410 3152 467 769

1870 587 1990 644 102.
2035 585 2430 660 Respondetur
2458 584 2529 642 ad
2551 584 2803 658 primam
2831 593 2901 641 ex
2941 582 3032 638 his
3060 597 3148 640 re·

1786 666 1970 741 pliciS,
2016 667 2269 727 admisso
2319 667 2695 733 antecedenti,
2738 663 3145 738 distinguendo

1785 749 2044 821 primum
2069 763 2452 822 consequens;
2482 755 2540 805 et
2558 763 2822 805 concesso
2842 746 2913 804 de
2934 747 3146 804 ultimo

1783 827 1900 886 fine
1944 830 2235 887 materiali
2275 828 2569 902 adaequato
2612 826 2928 884 secundum
2981 825 3141 901 quid,

1783 909 1891 968 hoc
1908 917 2012 980 est,
2047 918 2302 986 respectu
2338 911 2506 986 hujus
2545 909 2913 985 particularis
2963 914 3139 977 actuS,

1782 995 1985 1068 negari
2012 993 2178 1052 debet
2204 993 2274 1052 de
2299 993 2415 1050 fine
2443 993 2737 1067 adaequato
2757 990 3101 1065 simpliciter
3128 1011 3144 1047 ε

1780 1078 1840 1131 et
1859 1074 1940 1131 ita
1962 1074 2224 1149 neganda
2243 1079 2327 1132 est
2349 1074 2605 1132 absolute
2648 1071 2896 1130 secunda
2941 1086 3143 1128 conse-

1779 1155 2034 1228 quentia,
2059 1157 2194 1229 quia
2222 1155 2571 1213 universalis
2623 1153 2728 1211 illa
2754 1152 2950 1211 efficax
2977 1150 3142 1208 ordi-

1779 1236 1940 1294 natio
1977 1235 2171 1294 debita
2213 1243 2300 1295 est
2348 1235 2453 1293 fini
2510 1235 2720 1294 ultimo
2772 1233 3029 1301 formali,
3085 1237 3144 1291 et

1777 1317 1955 1375 etiam
1977 1319 2267 1376 materiali
2296 1319 2587 1392 adaequato
2614 1317 2975 1390 simpliciter,
3020 1330 3140 1373 non

1775 1399 2070 1456 materiali
2109 1400 2452 1474 simpliciter
2498 1397 2877 1472 inadaequato,
2902 1400 2959 1454 et
2985 1396 3140 1454 adae-

1776 1485 1948 1554 quato
1990 1481 2181 1538 solum
2233 1480 2547 1539 secundum
2592 1477 2755 1552 quid.
2804 1478 3141 1551 Explicatur

1776 1561 1884 1619 hoc
1914 1562 2166 1620 :etenim
2193 1562 2345 1636 quod
2366 1562 2575 1635 aliquis
2619 1559 2695 1615 sit
2722 1560 2785 1616 in
2819 1559 3011 1633 aliquo
3036 1576 3139 1618 or-

1774 1642 1914 1700 dine
1926 1643 2063 1701 finis
2082 1645 2404 1702 materialis
2420 1643 2744 1715 adaequatus
2764 1640 3129 1714 simpliciter,

1774 1731 1873 1782 aut
1931 1726 2340 1801 inadaequatuS,
2391 1740 2534 1790 non,
2554 1723 2877 1780 desumitur
2930 1739 3032 1798 per
3075 1741 3137 1784 se

1775 1810 1966 1883 primo
1991 1828 2065 1869 ex
2103 1809 2493 1883 adaequatione
2514 1823 2644 1865 cum
2699 1808 2821 1873 hoc,
2878 1807 2971 1863 vel
3030 1807 3136 1866 illo

1772 1898 1898 1951 actu
1921 1893 2192 1951 tendente
2218 1893 2281 1948 in
2305 1892 2474 1948 illum
2494 1915 2509 1959 ;
2559 1889 2703 1946 alias
2752 1894 3007 1961 peccator
3030 1891 3132 1963 qui

1769 1975 2155 2034 committeret
2200 1972 2312 2031 duo
2371 1976 2592 2046 peccata
2638 1970 2929 2038 mortalia,
2976 1971 3135 2032 inter

1768 2072 1896 2130 quae
1922 2057 2082 2113 nulla
2097 2062 2243 2114 esset
2261 2054 2561 2120 connexio,
2588 2059 2919 2124 amaretque
2937 2053 3135 2125 proin·

1767 2136 1842 2194 de
1879 2136 1992 2195 duo
2042 2138 2259 2214 objecta
2303 2135 2697 2210 peccaminosa
2746 2133 2909 2191 nullo
2961 2135 3135 2194 modo

1768 2219 1924 2276 inter
1972 2236 2035 2278 se
2077 2218 2473 2283 subordinata,
2525 2215 2762 2273 haberet
2789 2214 2932 2271 duos
2982 2214 3130 2274 fines

1767 2300 2004 2358 ultimos
2020 2300 2337 2373 adaequatos
2347 2296 2706 2370 simpliciter.
2723 2295 2871 2368 quod
2887 2298 3131 2355 omnino

1768 2388 2049 2457 repugnat
2076 2381 2277 2439 :debet
2315 2396 2451 2455 ergo
2497 2378 2768 2453 praedicta
2815 2378 3132 2453 adaequatio

1765 2462 1990 2520 desumi
2021 2479 2122 2536 per
2142 2462 2407 2520 ordinem
2430 2461 2500 2518 ad
2527 2460 2862 2534 potentiam,
2889 2477 2988 2517 seu
3011 2460 3131 2518 vir·

1764 2549 1946 2602 tutem
1975 2543 2131 2613 boni,
2163 2549 2221 2603 et
2245 2543 2381 2601 finis
2402 2560 2504 2617 per
2523 2558 2585 2600 se
2607 2543 3130 2615 appetitivam.Un-

1761 2627 1917 2684 dein
1938 2626 2191 2699 quolibet
2217 2625 2422 2683 ordine
2447 2626 2549 2683 ille
2569 2625 2682 2681 erit
2708 2622 2845 2680 finis
2887 2625 3129 2682 ultimus

1761 2711 2083 2769 materialis
2110 2709 2437 2784 adaequatus
2463 2708 2821 2782 simpliciter,
2848 2708 2946 2780 qui
2969 2708 3121 2765 adae-

1759 2799 1895 2866 quat
1918 2793 2213 2861 virtutem,
2242 2807 2343 2848 seu
2371 2790 2704 2865 potentiam,
2736 2791 2894 2865 cujus
2920 2795 3004 2847 est
3019 2806 3122 2863 per

1757 2890 1819 2932 se
1846 2874 2036 2948 primo
2069 2873 2372 2948 proprium
2426 2873 2707 2947 respicere
2758 2870 2935 2929 finem
2978 2873 3122 2930 ulti-

1757 2973 1921 3013 mum
1947 2955 2257 3015 formalem
2279 2956 2410 3013 talis
2429 2955 2651 3013 ordinis
2678 2978 2692 3021 ;
2740 2970 2856 3011 non
2900 2955 3000 3012 ille
3019 2957 3118 3028 qui

1754 3040 1944 3095 solum
1972 3037 2230 3110 adaequat
2255 3037 2424 3099 hunc.
2451 3038 2540 3092 vel
2568 3036 2739 3090 illum
2769 3041 2955 3090 actum
2987 3036 3120 3091 talis

1756 3120 2042 3193 potentiae,
2086 3134 2185 3175 seu
2212 3118 2445 3173 virtutis
2472 3116 2609 3187 (nisi
2638 3120 2792 3170 actus
2835 3115 2911 3170 sit
2959 3115 3114 3182 talis,

1754 3202 1854 3273 qui
1882 3200 2137 3273 adaequet
2180 3204 2359 3256 totam
2400 3196 2685 3271 potentias,
2735 3211 2832 3252 seu
2881 3196 3117 3253 virtutis

1753 3282 2234 3350 latitudinem,ita
2261 3286 2322 3338 ut
2349 3282 2468 3338 haec
2488 3281 2641 3336 ultra
2669 3279 2839 3335 illum
2862 3278 2933 3335 ad
2968 3281 3114 3339 alias

1752 3363 1969 3436 species
2027 3369 2214 3420 actum
2257 3378 2374 3419 non
2401 3377 2461 3419 se
2506 3359 2811 3433 extendat).
2840 3364 3029 3427 Quare
3049 3363 3116 3422 in

1753 3444 1960 3504 ordine
1983 3446 2232 3502 naturali
2257 3445 2358 3502 ille
2371 3449 2457 3502 est
2475 3443 2611 3499 finis
2635 3444 2955 3501 materialis
2972 3445 3116 3504 adas-

1750 3532 1957 3601 quatus
1999 3526 2361 3599 simpliciter,
2404 3525 2503 3598 qui
2559 3523 2816 3597 adaequat
2843 3528 3114 3584 volunta-

1751 3614 1868 3666 tem
1896 3613 2170 3673 creatam,
2203 3611 2369 3679 prout
2397 3617 2480 3664 est
2509 3607 2762 3679 potentia
2792 3609 3110 3668 naturalis:

1750 3690 1900 3764 quod
1923 3695 2076 3764 patet
2113 3689 2262 3745 nulli
2285 3688 2622 3762 particulari
2663 3687 2830 3756 bono,
2863 3692 2987 3748 sive
3007 3707 3110 3749 ve-

1751 3788 1837 3838 ro,
1863 3774 1986 3829 sive
2012 3770 2313 3843 apparenti
2366 3784 2529 3843 posse
2570 3776 2929 3842 competere;
2978 3789 3110 3830 cum

1749 3852 1905 3909 ultra
1949 3848 2241 3925 quodlibet
2288 3850 2464 3921 possit
2524 3851 2792 3906 voluntas
2844 3851 3023 3919 aliud,
3055 3858 3113 3912 et

1748 3933 1908 3991 aliud
1957 3934 2122 3991 nullo
2147 3933 2318 3992 modo
2346 3932 2436 3989 illi
2463 3931 2903 3990 subordinatum
2934 3951 3111 4009 appe-

1747 4023 1900 4085 tere;
1953 4016 2052 4075 sed
2098 4021 2401 4092 aggregato
2463 4015 2764 4072 dumtaxat
2823 4015 3109 4075 bonorum

1746 4099 2014 4159 omnium
2074 4098 2535 4171 particularium,
2610 4098 2674 4153 in
2721 4096 2929 4169 quibus
2975 4096 3111 4155 finis

1743 4181 2029 4250 formalis,
2057 4182 2203 4239 ratio
2222 4181 2438 4240 scilicet
2466 4182 2687 4255 proprii
2728 4181 2886 4247 boni,
2939 4182 3109 4241 inve-

1744 4265 1927 4334 nitur,
1959 4282 2056 4322 seu
2087 4264 2159 4322 ad
2186 4280 2310 4339 quas
2335 4280 2396 4322 se
2423 4269 2606 4338 potest
2632 4263 2961 4321 extendere.
2983 4266 3109 4321 Un-

1742 4346 1815 4406 de
1834 4348 2164 4424 hujusmodi
2210 4351 2578 4423 aggregatum
2627 4346 2796 4404 debet
2841 4346 2953 4404 dici
2983 4364 3108 4406 res-

1744 4436 1906 4503 pectu
1960 4428 2269 4503 peccatoris
2308 4426 2444 4484 finis
2490 4428 2730 4485 ultimus
2783 4430 3108 4488 materialis

1742 4512 2068 4586 adaequatus
2088 4511 2513 4586 simpliciter3et
2525 4511 2793 4586 quaelibet
2813 4513 2934 4587 ejus
2952 4528 3099 4587 pars,

1740 4595 1970 4651 etiamsi
1999 4593 2064 4650 fit
2083 4593 2377 4667 adaequata
2400 4599 2653 4667 respectu
2682 4593 2869 4669 huJ'uS,
2903 4597 2995 4653 vel
3025 4596 3105 4653 il-

1741 4676 1856 4733 lius
1878 4680 2034 4733 actus
2060 4675 2419 4749 simpliciter,
2451 4674 2619 4732 debet
2661 4674 2773 4732 dici
2803 4674 2941 4733 finis
2967 4677 3102 4736 ina-

1737 4760 2050 4833 daequatus,
2075 4763 2132 4816 et
2158 4757 2228 4815 ad
2249 4762 2544 4815 summum
2595 4757 2921 4832 adaequatus
2967 4776 3099 4818 cum

1738 4841 1950 4910 addito,
1980 4858 2185 4916 nempe
2208 4846 2461 4916 respectu
2485 4842 2618 4898 talis
2643 4846 2796 4899 actus
2813 4842 2994 4915 ;quod
3015 4851 3103 4904 est

1736 4938 1860 4980 esse
1880 4921 2237 4996 adaequatum
2264 4924 2452 4979 solum
2478 4921 2793 4980 secundum
2816 4922 2973 4994 quid.

1819 5007 1943 5062 103.
1986 5005 2266 5071 Diximus,
2315 5006 2430 5060 nisi
2483 5012 2642 5060 actus
2685 5007 2759 5058 sit
2809 5005 2961 5071 taliS,
3001 5010 3099 5084 qui

1732 5091 1992 5171 adaquat,
2022 5095 2120 5146 etc.
2151 5102 2289 5145 nam
2317 5085 2416 5143 ubi
2443 5092 2599 5144 actus
2621 5086 2875 5161 adaequat
2915 5092 3094 5145 totam

3159 579 3349 673 {3⁹35

3159 678 3350 730 primam.
