3647 5753
57 1399 262 1446 2Pctrit.

87 2229 246 2274 urbo.

81 3278 244 3368 ¹333·

58 3374 251 3427 amptius.

1461 432 1639 487 DISP.
1684 432 1753 498 11,
1797 430 1965 485 DUB.
2008 429 2103 487 lv.
3020 429 3129 484 387

275 601 348 663 ab
375 602 503 677 ipso
531 605 1031 679 participationem
1061 610 1285 663 naturae
1312 604 1545 662 divinae.
1569 604 1641 657 Et

271 684 761 756 quemadmodum
793 692 1073 763 repugnat
1104 687 1234 744 dari
1277 685 1425 742 illud
1452 684 1633 758 priuS,

272 768 330 821 et
357 767 610 838 reperiri
634 767 867 841 aliquod
901 767 1257 826 obstaculum
1299 766 1370 823 ad
1398 763 1642 839 filiatio-s

277 859 412 902 nem
434 846 536 903 Dei
558 850 915 917 naturalem;
948 849 1026 905 ita
1058 852 1338 922 repugnat
1363 845 1491 903 dari
1533 844 1641 902 hoc

278 925 577 998 posterius,
608 933 667 985 et
694 930 939 1003 reperiri
977 928 1210 1002 aliquod
1246 924 1638 1000 impedimen-

275 1008 401 1061 tum
442 1005 513 1063 ad
554 1005 894 1067 filiationem
941 1008 1042 1065 Dei
1083 1007 1432 1081 adoptivam.
1465 1003 1637 1078 Atqui

274 1087 694 1145 communicari
723 1088 921 1161 nequit
940 1087 1144 1162 gratia,
1182 1087 1325 1160 quin
1352 1087 1478 1159 ipsa
1515 1084 1640 1141 for-

278 1167 510 1225 maliter
547 1169 934 1227 communicet
974 1169 1475 1243 participationem
1515 1166 1639 1223 for-

127 1238 134 1245 ’
233 1304 236 1307 .
277 1248 494 1305 malem
523 1255 745 1307 naturae
778 1250 1015 1317 divinae,
1047 1266 1176 1306 cum
1222 1250 1347 1325 ejus
1390 1245 1638 1305 essentia

276 1330 549 1387 consistat
572 1332 634 1388 in
653 1348 738 1401 eo,
764 1331 912 1407 quod
939 1331 1014 1387 sit
1042 1331 1404 1404 participatio
1426 1328 1639 1386 forma-

278 1409 353 1467 lis
401 1415 623 1469 naturae
665 1414 787 1478 Dei,
833 1415 999 1488 juxta
1046 1412 1194 1469 illud
1231 1416 1298 1469 D.
1331 1410 1488 1469 Petri
1510 1410 1573 1465 in
1600 1410 1639 1463 2

276 1507 484 1550 canon.
514 1509 636 1567 cap.
676 1497 725 1550 1:
753 1495 861 1552 Per
886 1514 1041 1573 quem
1067 1497 1321 1552 maxima
1347 1537 1360 1560 ‚
1402 1500 1452 1548 et
1496 1509 1639 1566 prte-

275 1574 418 1630 n‘osa
443 1574 599 1631 nobis
616 1578 892 1649 promissa
916 1578 1163 1643 donavit,
1195 1583 1258 1631 ut
1278 1593 1377 1649 per
1402 1574 1508 1629 koec
1526 1572 1639 1645 effi-

275 1656 510 1711 effamini
558 1655 760 1710 divinar
807 1665 1076 1713 consortes
1115 1663 1326 1711 natum
1350 1697 1363 1710 .
1417 1650 1639 1718 Quibus

277 1733 468 1792 verbis
482 1734 801 1810 significari
816 1737 1032 1794 donum
1049 1736 1248 1812 g'ratiae
1265 1735 1471 1791 docent
1490 1746 1640 1788 com·

278 1817 534 1874 muniter
553 1819 647 1874 SS.
675 1820 875 1874 Patres
893 1824 949 1875 et
975 1818 1270 1892 Theologi,
1305 1821 1366 1872 ut
1392 1813 1640 1872 ostendi-

279 1913 407 1953 mus
432 1904 594 1954 tract.
632 1900 859 1972 proeced.
888 1900 1028 1973 disp.
1054 1902 1109 1966 4,
1134 1898 1262 1954 dub.
1294 1899 1347 1963 3,
1380 1898 1492 1966 ἕῖ.
1522 1896 1640 1950 Re-

279 1985 494 2053 pugnat
514 1980 690 2055 igitur
709 1982 956 2055 gratiam
974 1972 1392 2037 communicari
1413 1975 1637 2033 homini

282 2074 444 2131 puro,
469 2065 525 2115 et
546 2076 662 2117 non
684 2063 1030 2118 constituere
1055 2063 1222 2117 illum
1247 2060 1435 2115 filium
1460 2057 1639 2128 adop-

280 2140 465 2196 tivum
490 2141 610 2198 Dei.
642 2143 1083 2216 Desumiturque
1122 2142 1239 2197 haec
1277 2140 1540 2197 doctrina
1565 2153 1637 2194 ex

280 2221 345 2277 D.
375 2220 580 2277 Thom.
613 2222 743 2279 loco.
774 2225 870 2280 cit.
922 2241 995 2279 ea:
1028 2225 1063 2279 3
1103 2229 1256 2296 part.
1306 2228 1488 2299 quaest.
1537 2220 1633 2286 23,

278 2308 391 2357 art.
420 2304 474 2368 3,
502 2304 560 2357 in
580 2321 729 2376 corp.
772 2305 868 2362 ubi
898 2307 979 2362 ait
1012 2327 1026 2361 :
1062 2327 1088 2357 α
1118 2305 1315 2360 Tertio
1342 2302 1514 2359 modo
1542 2318 1637 2358 as-

286 2403 313 2435 «
353 2382 649 2439 similatur
676 2390 936 2442 creatura
966 2384 1152 2442 Verbo
1175 2385 1272 2440 Dei
1303 2389 1518 2440 aeterno
1543 2399 1637 2439 se-

286 2483 314 2515 «
353 2461 609 2519 cundum
626 2466 906 2522 unitatem
922 2482 1091 2538 quam
1109 2463 1279 2521 habet
1301 2463 1369 2519 ad
1390 2469 1610 2536 patrem
1619 2487 1631 2531 ς

287 2563 314 2594 ut
355 2542 506 2614 quod
526 2543 757 2615 quidem
785 2544 849 2599 fit
876 2561 976 2617 per
1001 2546 1268 2619 gratiam,
1299 2549 1355 2599 et
1382 2544 1637 2600 charita-

289 2644 332 2674 α,
358 2628 494 2679 tem.
527 2624 692 2681 Unde
717 2626 994 2682 Dominus
1012 2628 1173 2683 Joan.
1215 2628 1297 2691 17,
1331 2629 1486 2681 orat:
1510 2625 1638 2680 Sint

289 2725 314 2755 t(
357 2716 537 2759 unum
560 2705 623 2761 in
647 2705 827 2773 nobis,
847 2708 989 2764 sicut
1008 2712 1065 2763 et
1086 2722 1188 2763 nos
1209 2721 1390 2761 unum
1415 2721 1632 2761 sumus.

287 2803 314 2835 α
355 2783 424 2837 Et
436 2784 568 2840 talis
582 2788 918 2845 assimilatio
935 2787 1153 2861 perficit
1171 2787 1454 2842 rationem
1469 2784 1640 2857 adop-

285 2884 310 2915 «
352 2863 530 2921 tionis
555 2909 568 2933 ,
600 2868 730 2940 quia
759 2868 839 2925 sic
858 2868 1197 2925 assimilatis
1244 2866 1484 2924 debetur
1519 2865 1638 2922 hae-

281 2964 309 2996 α
352 2944 564 3002 reditas
590 2956 846 3006 anema.
893 2949 1059 3007 Unde
1094 2949 1467 3005 manifestum
1509 2951 1631 3012 est,

282 3045 309 3077 α
349 3025 499 3098 quod
514 3025 773 3101 adoptari
801 3031 1069 3086 convenit
1101 3029 1207 3086 soli
1239 3034 1513 3084 creaturae
1541 3042 1637 3083 ra-

282 3124 309 3157 «
350 3105 575 3172 tionali,
604 3115 938 3167 nontamen
966 3111 1147 3175 omni,
1178 3109 1275 3166 sed
1317 3109 1505 3165 solum
1530 3106 1637 3163 ha—

281 3184 506 3244 «,benti
532 3190 890 3248 charitatem.
939 3212 964 3243 ι)

351 3268 743 3328 confirmatur
804 3271 1185 3345 retorquendo
1229 3273 1294 3327 in
1347 3268 1637 3326 Curielem

277 3351 649 3422 exemplum,
682 3352 832 3426 quod
881 3352 1046 3410 nobis
1084 3352 1366 3425 opponit;
1408 3349 1638 3407 namin

279 3436 647 3494 naturalibus
701 3442 978 3510 repugnat
1035 3437 1332 3493 hominem
1385 3434 1638 3505 accipere

278 3522 551 3574 naturam
579 3516 649 3573 ab
672 3516 787 3573 alio
809 3516 1063 3582 homine,
1088 3521 1143 3572 et
1167 3530 1283 3571 non
1303 3529 1425 3570 esse
1446 3512 1636 3569 filium

276 3600 401 3674 ejus
448 3599 774 3655 naturalem
810 3614 987 3672 :ergo
1014 3598 1076 3653 in
1102 3592 1638 3669 supernaturalibus

281 3685 564 3754 repugnat
603 3679 900 3736 hominem
946 3693 1155 3750 purum
1184 3676 1436 3748 accipere
1463 3690 1493 3730 a
1524 3677 1638 3730 Deo

259 3758 778 3832 participationem
804 3763 1022 3814 naturae
1048 3756 1282 3821 divinae,
1307 3760 1364 3811 et
1383 3769 1502 3811 non
1515 3766 1639 3809 esse

277 3839 471 3896 filium
520 3839 621 3895 Dei
669 3837 1001 3910 adoptivum
1026 3880 1040 3902 ,
1071 3852 1170 3893 seu
1199 3851 1301 3909 per
1328 3832 1639 3914 participa-

281 3921 500 3979 tionem
530 3943 543 3977 :
572 3920 670 3977 sed
716 3936 783 3977 eo
828 3922 970 3993 ipso,
1002 3918 1148 3992 quod
1179 3919 1352 3976 homo
1377 3913 1580 3987 accipit
1605 3929 1639 3970 a

283 4007 398 4061 Deo
425 4005 691 4078 gratiam,
724 4004 924 4077 accipit
951 4002 1021 4059 ab
1041 4019 1107 4060 eo
1135 4000 1635 4076 participationem

281 4083 499 4141 divinae
527 4088 764 4150 naturae,
782 4081 1064 4156 siquidem
1086 4082 1333 4139 essentia
1355 4080 1553 4155 gratiae
1574 4079 1638 4135 in

282 4167 387 4222 hac
432 4165 868 4239 participatione
914 4164 1211 4221 consistit:
1240 4179 1376 4238 ergo
1401 4177 1469 4220 eo
1491 4161 1632 4232 ipsc,

279 4247 427 4319 quod
461 4249 630 4305 homo
657 4249 856 4322 accipit
895 4263 927 4304 a
957 4251 1069 4304 Deo
1093 4248 1364 4321 gratiam,
1389 4242 1454 4299 fit
1481 4240 1640 4298 filius

284 4327 385 4386 Dei
427 4344 528 4402 per
573 4328 956 4402 adoptionem,
983 4343 1082 4384 seu
1112 4325 1633 4400 participationem.

283 4410 352 4464 Et
370 4409 858 4481 quemadmodum
885 4409 933 4464 si
962 4407 1168 4466 filiatio
1191 4405 1475 4464 naturalis
1495 4407 1641 4460 esset

281 4490 767 4565 incompossibilis
812 4506 942 4547 cum
973 4494 1194 4564 peccato
1236 4487 1402 4562 gravi
1441 4489 1640 4541 contra

281 4578 523 4647 patrem,
556 4590 676 4631 non
706 4578 891 4647 posset
918 4578 1125 4629 natura
1161 4571 1340 4645 patris
1376 4582 1640 4625 commu-

280 4656 481 4722 nicari,
517 4656 660 4729 quin
688 4669 755 4711 eo
783 4655 906 4726 ipso
929 4658 1215 4727 peccatum
1237 4651 1551 4724 expelleret
1569 4644 1641 4703 ab

279 4735 386 4793 illo
425 4736 516 4793 cui
557 4734 1083 4792 communicaretur
1109 4734 1228 4790 :ita
1265 4731 1402 4804 quia
1445 4727 1642 4785 homi-

286 4830 422 4870 nem
450 4829 572 4871 esse
593 4812 782 4869 filium
807 4812 905 4867 Dei
927 4818 1011 4869 est
1031 4808 1495 4883 incompossibile
1508 4822 1639 4863 cum

284 4899 507 4967 peccato
551 4893 719 4968 gravi
766 4898 965 4949 contra
1009 4894 1210 4955 Deum,
1242 4889 1370 4945 fleri
1400 4904 1516 4946 non
1538 4905 1642 4961 po-

284 4975 439 5043 terit,
489 4972 638 5047 quod
687 4978 896 5029 natura
932 4973 1029 5030 Dei
1059 4971 1285 5029 homini
1312 4970 1643 5026 communi-

282 5063 443 5118 cetur
495 5073 597 5131 per
644 5055 921 5131 gratiam,
970 5055 1111 5129 quin
1137 5069 1206 5109 eo
1234 5052 1357 5124 ipso
1374 5052 1644 5111 emundet

1771 601 1945 658 illum
1974 617 2008 659 a
2030 603 2215 673 culpa,
2240 606 2301 659 et
2337 606 2598 658 sanctum
2628 617 2690 657 ac
2725 601 2943 675 justum
2969 612 3139 656 cons·

1772 684 1958 741 tituat.
1989 684 2206 741 Accidit
2234 690 2429 742 tamen
2455 683 2817 741 contrarium
2860 682 2924 739 in
2962 686 3136 737 natu-

1771 764 1992 822 ralibus
2010 807 2026 833 ‚
2074 766 2210 838 quia
2259 765 2555 841 generatio
2606 763 2892 821 naturalis
2944 762 3135 818 solum

1770 847 1993 905 confert
2039 853 2311 904 naturam
2364 847 2705 913 humanam,
2750 861 2877 919 qua)
2905 844 3134 900 nullam

1769 926 1940 983 habet
1961 924 2598 1000 incompossibilitatem
2625 941 2758 981 cum
2789 927 3012 996 peccato
3039 921 3137 980 ad·

1770 1024 1972 1066 versus
2018 1013 2239 1082 patrem
2268 1014 2364 1066 :at
2406 1007 2767 1084 regeneratio
2813 1005 3138 1078 spiritualis

1769 1089 2157 1146 communicat
2185 1089 2414 1146 homini
2442 1093 2713 1145 naturam
2741 1086 3006 1142 divinam
3036 1099 3137 1157 per

1771 1168 2272 1241 participationem
2297 1211 2310 1234 ‚
2356 1185 2482 1242 quse
2512 1167 2814 1225 hominem
2841 1164 3140 1221 constituit

1770 1250 1952 1305 Deum
2002 1262 2103 1320 per
2150 1248 2671 1321 participationem,
2705 1251 2760 1303 et
2814 1244 3006 1301 filium
3033 1242 3134 1299 Dei

1769 1329 2126 1403 adoptivum,
2157 1346 2282 1403 quae
2312 1329 2614 1403 praedicata
2655 1332 2979 1402 repugnant
3007 1341 3137 1399 pec—

1767 1411 1971 1467 catori.
2019 1413 2205 1484 Atque
2250 1410 2380 1467 ideo
2415 1411 2509 1466 vel
2538 1409 2765 1467 homini
2796 1424 2914 1465 non
2941 1406 3136 1463 conie-

1771 1495 1984 1548 rnntur
2005 1490 2175 1565 (quod
2194 1495 2283 1548 est
2308 1488 2685 1564 impossibile,
2717 1490 2768 1544 si
2795 1489 2848 1546 ei
2871 1501 3134 1545 commu-

1769 1571 1996 1628 nicatur
2018 1577 2227 1629 natura
2247 1567 2448 1631 divina
2464 1587 2566 1645 per
2584 1569 3129 1644 participationem),

1771 1653 1863 1708 vel
1898 1651 1969 1708 ab
1991 1653 2096 1710 illo
2125 1658 2413 1726 peccatum
2442 1653 2739 1724 expellunt
2764 1693 2777 1717 ,
2831 1650 3135 1722 ipsumque

1763 1728 1983 1809 justum
2009 1737 2382 1793 constituunt.
2416 1738 2599 1801 Quam
2628 1733 2953 1792 doctrinam
2995 1732 3135 1787 satis

1768 1818 2049 1890 expressit
2077 1819 2140 1874 D.
2179 1819 2415 1891 August.
2461 1817 2606 1890 psal.
2629 1819 2723 1884 49,
2750 1819 2810 1871 in
2833 1816 3127 1888 principio,
3166 1823 3313 1870 naus
3398 1848 3403 1855 ·

1769 1897 1869 1953 ubi
1895 1898 2191 1971 explicans
2217 1897 2323 1953 illa
2348 1897 2547 1964 verba,
2588 1897 2729 1953 Deus
2756 1896 3012 1964 Deorum,
3045 1896 3134 1950 in·

1768 1978 1893 2050 quit
1924 2003 1937 2035 2
1975 2000 2001 2031 α
2042 1976 2415 2035 Manifestum
2442 1982 2527 2035 est
2551 1994 2687 2053 ergo
2713 2006 2729 2042 ,·
2775 1979 2912 2051 quia
2940 1976 3131 2033 homi-

1775 2080 1802 2112 «
1846 2074 1948 2114 nes
1991 2056 2142 2113 dixit
2187 2060 2450 2125 Deosfex
2475 2057 2662 2133 gratia
2688 2073 2791 2113 sua
2816 2055 3127 2121 deificatos,

1776 2163 1801 2195 α
1847 2158 1965 2199 non
2012 2142 2083 2199 de
2125 2141 2447 2198 substantia
2484 2158 2588 2198 sua
2615 2145 2799 2196 natos,
2830 2141 2933 2195 Ille
2971 2140 3131 2196 enim

1776 2244 1802 2274 α
1838 2222 2125 2296 justificat,
2151 2223 2250 2296 qui
2280 2239 2381 2295 per
2401 2222 2773 2294 semetipsum
2791 2222 2977 2294 justus
3002 2223 3087 2275 est
3115 2242 3129 2285 ;

1776 2324 1802 2355 «
1842 2307 1901 2359 et
1926 2302 2027 2360 ille
2066 2302 2309 2370 deificat,
2341 2302 2439 2374 qui
2464 2318 2564 2376 per
2590 2302 2863 2375 seipsum,
2896 2314 3014 2356 non
3043 2299 3132 2354 al-

1776 2405 1801 2437 «
1846 2384 2026 2439 terius
2053 2384 2492 2457 participatione
2514 2385 2661 2439 Deus
2682 2388 2786 2439 est.
2812 2381 2920 2445 Qui
2937 2386 3131 2436 autem

1776 2486 1801 2517 α
1839 2463 2130 2540 justificat,
2175 2465 2295 2537 ipse
2321 2462 2565 2528 deificat,
2611 2464 2747 2535 quia
2767 2459 3134 2535 justificando

1777 2567 1802 2598 α
1844 2544 1996 2602 filios
2018 2546 2118 2602 Dei
2146 2544 2301 2601 fucit.
2329 2544 2493 2601 Dedit
2514 2544 2597 2600 eis
2620 2545 2953 2616 potestatem
2982 2540 3133 2596 filios

1775 2648 1802 2678 «
1846 2626 1946 2681 Dei
1994 2624 2143 2682 fieri.
2201 2625 2258 2680 Si
2307 2623 2415 2680 filii
2464 2624 2564 2679 Dei
2607 2622 2738 2679 facti
2775 2626 2923 2689 sunt,
2955 2626 3013 2677 et
3039 2621 3129 2676 Dii

1775 2729 1801 2760 α
1844 2706 1977 2762 iacti
2028 2710 2182 2762 sunt.
2214 2704 2322 2762 Sed
2346 2706 2450 2762 hoc
2474 2704 2675 2780 gratias
2719 2708 2804 2760 est
2847 2702 3127 2774 adoptan-

1776 2810 1801 2842 α
1845 2787 1936 2853 tis,
1969 2803 2086 2845 non
2109 2792 2329 2844 naturae
2348 2792 2432 2844 est
2455 2785 2805 2861 generantis.
2852 2805 2878 2835 »

1851 2869 1970 2925 130.
2002 2866 2111 2924 Sed
2137 2866 2368 2942 objicies
2397 2888 2411 2924 z
2440 2882 2559 2924 non
2597 2871 2708 2923 stat
2733 2864 2937 2922 filiatio
2960 2862 3129 2937 adop·
3140 2879 3343 2933 objectio.

1769 2951 1888 3008 tiva
1916 2950 2125 3023 absque
2150 2949 2534 3022 acceptatione
2573 2947 2820 3021 adoptati
2845 2947 2915 3004 ad
2944 2946 3129 3004 haere-

1767 3032 2006 3089 ditatem
2040 3032 2219 3106 patris
2250 3052 2264 3087 ε
2293 3030 2392 3089 sed
2432 3029 2562 3087 ficri
2612 3028 2897 3086 divinitus
2926 3033 3126 3102 potest,

1767 3112 1917 3185 quod
1934 3116 2081 3170 Deus
2105 3112 2362 3170 conserat
2388 3111 2614 3168 homini
2642 3110 2912 3184 gratiam,
2952 3116 3009 3166 et
3055 3110 3133 3166 il-

1771 3195 1891 3251 lum
1921 3210 2039 3250 non
2086 3198 2330 3266 acceptet
2377 3192 2447 3249 ad
2490 3194 2759 3268 gloriam,
2805 3190 2902 3247 sed
2948 3192 3134 3264 potius

1768 3273 2036 3331 decernat
2055 3289 2188 3330 eum
2211 3275 2275 3330 in
2296 3278 2575 3330 aeternum
2596 3273 2783 3346 gloria
2800 3273 3051 3344 privare,
3073 3278 3131 3327 ut

1768 3356 2072 3412 statuimus
2099 3357 2219 3413 loco
2246 3370 2420 3428 supra
2446 3355 2614 3411 citato
2639 3399 2652 3422 ,
2707 3355 2838 3410 dub.
2867 3355 2903 3409 2
2928 3398 2939 3421 ‚
2991 3357 3023 3424 ς
3074 3356 3128 3421 2,

1768 3438 1936 3492 concl.
1960 3438 2017 3503 23
2041 3452 2177 3511 ergo
2214 3435 2341 3492 fieri
2382 3440 2580 3507 potest,
2609 3435 2758 3507 quod
2793 3435 2967 3491 homo
2993 3435 3134 3490 reci-

1770 3517 1889 3588 piat
1917 3517 2163 3590 gratiam
2190 3533 2225 3574 a
2252 3519 2384 3584 De0,
2432 3520 2488 3571 et
2540 3531 2658 3572 non
2703 3516 2778 3570 sit
2821 3514 2977 3570 filius
3012 3513 3135 3585 eius

1769 3596 2089 3669 adoptivus.

1844 3675 2239 3749 Respondetur
2259 3674 2666 3750 distinguendo
2691 3676 2992 3748 majorem,
3009 3690 3133 3746 qum
3149 3679 3349 3723 Diluitur.

1768 3756 1816 3812 si
1848 3755 2209 3831 intelligatur
2236 3755 2306 3813 de
2333 3755 2640 3830 adoptione
2667 3755 2821 3811 inter
2846 3755 3130 3822 homines,

1768 3837 2125 3898 concedenda
2151 3842 2264 3907 est,·
2290 3839 2488 3913 negari
2518 3854 2655 3895 vero
2674 3835 2858 3905 debet,
2878 3838 2926 3894 si
2957 3838 3135 3894 intel-

1769 3921 1982 3995 ligatur
2002 3919 2071 3976 de
2099 3919 2403 3992 adoptione
2434 3918 2688 3976 hominis
2711 3919 2772 3974 in
2796 3917 2984 3974 filium
3009 3919 3129 3975 Dei.

1771 4005 1839 4059 Et
1868 4020 2066 4060 rursus
2094 4002 2289 4059 minor
2315 4001 2723 4077 distinguenda
2758 4006 2838 4060 cst
2867 4045 2879 4068 ,
2911 4007 2966 4058 et
2994 4017 3134 4059 con-

1768 4082 2018 4142 cedenda
2056 4083 2128 4140 de
2168 4082 2551 4155 acceptatione
2603 4084 2931 4139 extrinseca
2956 4125 2970 4151 ,
3030 4098 3134 4138 ne-

1768 4164 1956 4238 ganda
1984 4180 2122 4222 vero
2147 4163 2218 4221 de
2245 4162 2627 4236 acceptatione
2649 4162 2965 4219 intrinseca
2993 4205 3006 4229 ,
3043 4179 3136 4220 se-

1769 4245 2020 4301 cundum
2074 4245 2412 4320 dignitatem
2460 4242 2715 4316 subJecti.
2780 4245 2852 4298 Et
2901 4242 3134 4300 tandem

1771 4343 2046 4402 negamus
2091 4327 2558 4400 consequentiam
2608 4324 2884 4382 absolute.
2938 4328 3134 4398 Itaque

1771 4408 1833 4465 in
1855 4409 2258 4467 hoodifferunt
2279 4408 2507 4480 adoptio
2529 4407 2803 4472 humana,
2827 4413 2884 4463 et
2904 4407 3129 4473 divina,

1769 4490 1917 4563 quod
1947 4491 2050 4548 illa
2077 4506 2195 4548 non
2224 4489 2493 4545 immutat
2519 4486 2869 4560 adoptatum,
2904 4504 3007 4546 nec
3029 4490 3135 4545 ali-

1769 4570 1905 4643 quid
1929 4572 2307 4629 intrinsecum
2338 4570 2499 4643 ponit
2521 4569 2584 4624 in
2612 4585 2698 4635 eo,
2723 4568 2823 4624 sed
2844 4569 3134 4643 adaequate

1769 4651 2028 4709 consistit
2048 4653 2110 4708 in
2130 4652 2512 4725 acceptatione
2527 4650 2848 4707 extrinseca
2870 4650 2940 4705 ad
2959 4650 3137 4707 haere·

1770 4731 2010 4790 ditatem
2039 4734 2243 4807 patris:
2265 4731 2418 4790 unde
2437 4732 2487 4788 si
2511 4732 2659 4788 hanc
2686 4731 3131 4804 acceptationem

1770 4814 2154 4870 extrinsecam
2214 4812 2587 4871 excludamus
2617 4856 2630 4879 ,
2688 4816 2805 4868 tota
2876 4810 3137 4869 humana·

1772 4892 2001 4968 adoptio
2041 4895 2270 4967 penitus
2294 4893 2601 4951 evanescit.
2634 4895 2914 4949 Caeterum
2956 4891 3136 4966 adop-

1772 4975 1855 5031 tio
1900 4974 2104 5031 divina
2148 4975 2320 5032 altior
2344 5019 2358 5043 ,
2388 4981 2446 5048 et
2490 4973 2742 5031 nobilior
2782 4978 2905 5040 est,
2942 4978 3133 5046 utpote

1772 5071 1899 5129 quae
1919 5055 2303 5112 communicat
2324 5055 2548 5111 homini
2575 5059 2841 5111 naturam
2865 5052 3128 5110 divinam
