3647 5753
91 1458 270 1502 contuta-

137 1516 207 1551 tur.

1406 386 1582 441 mse.
1630 385 1749 452 vn,
1792 385 1960 440 Dua.
2005 385 2096 441 1v.

277 558 537 612 minium
586 574 775 629 supra*
808 558 1161 614 voluntatem
1209 563 1477 625 creatam,
1510 557 1657 613 sicut

277 656 455 712 supra
503 640 712 696 omnia
758 641 874 696 alia
917 640 1090 696 entia.
1135 644 1416 695 Asserunt
1462 645 1656 695 tamen

280 720 618 796 hujusmodi
670 721 1001 779 dominium
1050 721 1393 778 sufficienter
1439 722 1655 779 salvari

283 821 382 877 per
411 804 532 870 hoc,
556 802 709 877 quod
732 806 879 860 Deus
901 820 1000 877 per
1021 820 1359 861 concursum
1388 805 1657 861 simulta-

289 900 462 940 neum
492 884 739 958 attingat
765 884 1035 945 effective.
1065 890 1121 941 et
1142 884 1478 942 immediate
1498 884 1655 941 enti-

289 971 461 1021 tatem
489 963 798 1039 cujuslibet
818 965 1116 1022 volitionis
1142 971 1365 1031 creatae,
1395 967 1538 1040 quin
1563 981 1657 1022 vo-

290 1048 480 1102 luntas
504 1051 690 1119 posset
712 1046 778 1102 in
799 1047 1050 1120 aliquem
1077 1051 1288 1112 actum,
1307 1048 1420 1103 nisi
1449 1046 1656 1120 depen-

290 1126 490 1183 denter
513 1142 546 1183 a
569 1126 669 1182 tali
698 1142 971 1182 concursu
1005 1126 1255 1199 prodire.
1284 1129 1449 1184 Hunc
1468 1128 1650 1194 enim,

290 1217 345 1266 et
367 1225 482 1266 non
511 1209 695 1264 alium
726 1208 1025 1280 praevium,
1051 1213 1107 1265 et
1132 1208 1656 1282 praedeterminan-

291 1307 429 1345 vum
478 1290 577 1346 Dei
625 1288 913 1346 influxum
943 1289 1257 1346 admittunt
1297 1291 1359 1346 in
1385 1290 1657 1348 omnibus

294 1370 490 1434 causis,
520 1378 636 1426 tam
668 1368 884 1438 liberis,
911 1386 1084 1444 quam
1111 1372 1465 1428 necessariis.

368 1451 474 1507 Sed
522 1450 640 1506 haec
665 1449 927 1507 doctrina
950 1452 1157 1523 saepius
1185 1466 1216 1506 a
1259 1450 1425 1508 nobis
1450 1452 1657 1509 confu-

295 1538 408 1590 tata
435 1538 540 1596 est,
571 1539 628 1589 et
655 1533 902 1591 minime
940 1532 1113 1589 diluit
1142 1532 1316 1590 robur
1345 1534 1527 1591 nostri
1556 1552 1657 1591 ar-

292 1613 576 1686 gumenti.
606 1614 754 1668 Tum
783 1614 917 1686 quia
942 1613 1266 1670 dominium
1294 1620 1380 1671 est
1419 1615 1656 1672 facultas

297 1692 495 1750 utendi
526 1709 588 1750 re
634 1709 739 1749 sua
765 1694 893 1751 sine
934 1695 1154 1768 injuria
1188 1695 1459 1762 alterius;
1489 1701 1656 1769 atque

294 1774 424 1831 ideo
465 1775 515 1829 si
564 1777 711 1830 Deus
756 1773 926 1832 habet
951 1793 1287 1849 supremum
1327 1776 1654 1835 dominium

289 1871 465 1927 supra
511 1857 870 1912 voluntatem
917 1864 1185 1920 creatam,
1239 1864 1416 1930 potest
1458 1875 1524 1916 ea
1570 1859 1654 1914 uti

291 1941 462 2008 prout
490 1935 599 2008 ipsi
651 1937 764 1991 Deo
807 1936 1082 2007 placuerit
1117 1957 1128 1992 ε
1174 1953 1310 1993 usus
1336 1944 1526 1995 autem
1572 1943 1657 1994 est

290 2017 599 2090 applicatio
624 2017 706 2073 rei
738 2016 810 2073 ad
834 2019 1127 2091 propriam
1155 2021 1565 2092 operationem.
1594 2027 1657 2076 ut

289 2113 466 2169 supra
491 2113 564 2153 ex
593 2098 657 2154 D.
687 2098 894 2155 Thom.
921 2114 1057 2172 ergo
1086 2105 1261 2172 potest
1291 2102 1437 2156 Deus
1465 2101 1656 2172 appli-

287 2194 421 2235 care
459 2178 820 2235 voluntatem
866 2185 1113 2235 creatam
1159 2179 1230 2236 ad
1272 2177 1653 2237 Volitionem:

289 2259 448 2331 atqui
495 2274 806 2314 concursus
839 2259 1218 2315 simultaneus
1267 2276 1383 2317 non
1412 2261 1657 2333 applicat

287 2356 522 2397 causam
565 2339 637 2395 ad
665 2339 1043 2412 operandum,
1071 2343 1214 2398 alias
1242 2358 1359 2398 non
1387 2343 1656 2399 simulta-

288 2440 453 2487 neuS,
481 2421 581 2479 sed
604 2422 857 2494 praevius
877 2430 1040 2490 esset,
1065 2430 1122 2481 et
1140 2426 1532 2497 operationem
1556 2442 1652 2482 an·

283 2506 455 2561 teiret
486 2522 500 2556 :
533 2520 668 2578 ergo
688 2520 996 2561 concursus
1021 2506 1402 2564 simultaneus
1430 2508 1655 2565 insuffi-

282 2587 445 2643 ciens
465 2591 570 2655 est,
591 2594 653 2642 ut
674 2589 824 2643 Deus
846 2603 946 2659 per
969 2588 1139 2643 illum
1164 2588 1414 2646 influens
1433 2590 1656 2648 dicatur

286 2666 888 2740 haberesupremum,
907 2674 964 2724 et
979 2667 1303 2725 absolutum
1326 2669 1653 2727 dominium

283 2765 462 2820 supra
509 2750 872 2806 voluntatem
926 2755 1192 2807 creatam.
1248 2753 1396 2807 Tum
1443 2753 1616 2810 etiam
1637 2797 1650 2822 ,

280 2830 420 2900 qnia
447 2845 522 2885 ex
549 2843 635 2896 ρο,
685 2827 838 2901 quod
866 2843 980 2886 una
1018 2845 1184 2886 causa
1213 2830 1418 2888 influat
1445 2832 1657 2890 imme-

280 2908 439 2965 diate
469 2911 534 2965 in
564 2910 978 2982 operationem,
1010 2915 1245 2981 wotum,
1273 2914 1363 2969 vel
1392 2914 1654 2970 effectum

280 2991 531 3046 alterius
559 3007 766 3059 causas,
794 3008 911 3049 non
934 2990 1061 3048 ideo
1082 2992 1290 3048 dicitur
1318 2993 1529 3051 habere
1550 2995 1655 3052 do-

279 3071 546 3127 minium
575 3087 750 3143 supra
779 3072 950 3127 talem
992 3088 1239 3137 causam,
1266 3075 1358 3130 vel
1386 3090 1453 3131 ea
1480 3076 1560 3130 uti
1591 3075 1655 3132 in

276 3152 493 3210 ordine
516 3153 591 3210 ad
619 3154 790 3209 illum
820 3154 1083 3211 effectum
1104 3180 1118 3223 ;
1142 3155 1288 3229 quod
1316 3157 1454 3213 satis
1476 3174 1655 3230 appa·

277 3240 364 3289 ret
380 3234 447 3290 in
466 3233 697 3292 duobus
713 3235 1072 3292 trahentibus
1093 3252 1325 3293 currum
1349 3262 1362 3304 3
1384 3238 1425 3292 ii
1446 3238 1656 3310 quippe

275 3313 634 3371 immediate
656 3323 1008 3373 concurrunt
1037 3315 1107 3373 ad
1134 3316 1381 3374 eundem
1409 3323 1649 3384 motum,

267 3401 328 3450 et
375 3397 788 3454 nihilominus
830 3403 1032 3456 neuter
1057 3397 1265 3455 dicitur
1292 3398 1504 3457 habere
1550 3399 1657 3458 do-

269 3477 548 3534 minium
574 3494 747 3552 snper
768 3478 971 3545 alium,
998 3480 1089 3537 vel
1116 3496 1183 3538 eo
1210 3481 1293 3536 uti
1316 3480 1386 3537 ad
1416 3481 1657 3554 praedic-

268 3562 397 3613 tum
421 3558 704 3615 effectum
727 3576 893 3634 :ergo
913 3576 983 3617 ex
1002 3575 1088 3626 e0,
1114 3560 1262 3634 quod
1287 3563 1432 3618 Deus
1454 3561 1657 3619 influat

269 3639 631 3698 immediate
661 3642 724 3697 in
763 3642 1100 3699 volitionem
1130 3659 1160 3699 a
1201 3644 1494 3701 voluntate
1522 3661 1656 3718 pro-

264 3720 607 3791 cedentem,
657 3723 907 3781 minime
951 3726 1206 3782 salvatur
1250 3717 1657 3798 quod'habeat

264 3819 635 3875 supremum
683 3803 1011 3861 dominium
1055 3806 1117 3861 in
1157 3808 1530 3874 voluntatem,
1564 3809 1654 3866 vel

264 3884 420 3957 quod
469 3900 548 3942 ea
583 3889 784 3941 utatur
830 3885 893 3942 in
932 3885 1138 3944 ordine
1165 3886 1235 3944 ad
1262 3887 1654 3960 operationem

263 3967 594 4025 intentam.
645 3968 795 4023 Tum
839 3975 1128 4042 praeterea,
1173 3971 1309 4043 quia
1353 3969 1425 4027 ad
1451 3986 1655 4043 supre-

263 4064 456 4117 mum,
512 4057 577 4107 et
607 4049 938 4107 absolutum
978 4053 1080 4108 Dei
1121 4051 1449 4109 dominium
1482 4068 1656 4125 supra

264 4133 474 4188 omnia
525 4133 702 4189 entia
726 4138 916 4190 creata
962 4134 1228 4206 pertinet,
1280 4139 1341 4189 ut
1369 4134 1543 4206 possit
1586 4133 1657 4192 de

262 4212 533 4284 quolibet
581 4218 725 4269 ente
773 4214 916 4270 reali
968 4214 1273 4287 disponere
1322 4213 1618 4271 efficaciter
1637 4259 1650 4283 ,

263 4301 437 4366 prout
485 4292 613 4351 sibi
665 4295 983 4366 placuerit;
1015 4295 1157 4352 alias
1179 4295 1301 4369 jam
1329 4294 1655 4353 dominium

263 4391 383 4432 non
411 4376 538 4433 erit
568 4372 928 4442 ahsolutum,
960 4380 1015 4432 et
1052 4392 1407 4449 supremum,
1439 4374 1537 4433 sed
1565 4376 1655 4432 cui

263 4456 490 4517 limites
519 4453 760 4532 praefigi
789 4462 1054 4530 poterunt
1081 4480 1094 4515 :
1119 4458 1272 4531 atqui
1300 4458 1656 4515 voluntatem

263 4544 528 4596 creatam
575 4534 838 4594 influere
866 4539 930 4594 in
975 4540 1267 4612 propriam
1294 4538 1651 4605 volitionem,

264 4625 351 4675 est
398 4616 727 4695 quoddam
779 4617 1146 4692 praedicatum
1201 4622 1356 4677 reale
1405 4623 1657 4675 creatum

263 4701 622 4759 distinctum
677 4714 734 4761 a.
763 4700 1040 4758 volitione
1072 4716 1248 4775 :ergo
1295 4705 1441 4758 Deus
1481 4705 1660 4773 potest

262 4781 607 4857 disponere,
636 4784 703 4837 et
732 4779 954 4837 efficere
981 4796 1096 4837 non
1117 4782 1304 4839 solum
1330 4779 1479 4853 quod
1505 4779 1659 4837 voli-

261 4863 344 4922 tio
368 4864 469 4931 sit,
521 4859 634 4919 sed
685 4857 873 4916 etiam
919 4858 1066 4930 quod
1095 4862 1357 4917 voluntas
1385 4860 1448 4915 in
1495 4858 1657 4915 illam

266 4945 477 5002 influat
511 4967 528 5001 ε
558 4939 672 4999 sed
713 4953 824 5012 per
864 4954 1202 4997 concursum
1246 4941 1657 4998 simultaneum

267 5033 502 5085 tantum
554 5026 840 5083 salvatur
858 5062 872 5086 ,
922 5019 1072 5091 quod
1114 5022 1312 5080 volitio
1357 5025 1544 5079 creata
1586 5022 1660 5078 sit

418 5111 734 5170 Salmant.
797 5100 967 5160 curs.
1022 5103 1241 5177 chauloy.
1291 5112 1420 5163 tom.
1474 5102 1543 5163 X.

3044 387 3145 441 105

1790 554 2123 612 immediate
2144 572 2175 612 a
2204 558 2336 621 Deo,
2370 570 2486 613 non
2513 571 2669 624 vero,
2695 554 2843 627 quod
2871 558 3013 611 Deus
3037 555 3148 613 dis·

1791 642 1983 708 ponat,
2014 641 2070 692 et
2114 636 2334 701 efficiat,
2371 643 2431 692 ut
2477 639 2745 692 voluntas
2793 636 3034 703 influat;
3064 638 3148 693 si·—

1788 717 2019 790 quidem
2069 719 2371 790 praedictus
2407 735 2713 776 concursus
2763 736 2877 776 non
2919 720 3144 794 attingit

1788 815 2032 866 causam,
2062 799 2159 857 sed
2187 800 2447 857 effectum
2480 822 2493 857 ε
2521 817 2657 876 ergo
2688 801 2984 874 praedictus
3005 818 3143 858 con·

1787 880 2058 937 currendi
2077 880 2278 937 modus
2295 896 2410 937 non
2426 881 2804 937 estsufficiens
2829 881 2895 938 ad
2918 883 3147 939 salvan-

1789 961 1927 1017 dum
1956 961 2298 1031 absolutum,
2349 969 2405 1018 et
2431 980 2766 1035 supremum
2817 964 3142 1021 dominium

1791 1044 1889 1099 Dei
1911 1060 2084 1116 supra
2112 1046 2467 1101 voluntatem
2494 1054 2762 1102 creatam.
2796 1048 2944 1102 Tum
2978 1045 3130 1103 deni·

1788 1139 1916 1195 que,
1949 1139 2083 1179 nam
2107 1126 2155 1180 si
2187 1128 2331 1181 Deus
2351 1124 2559 1181 dicitur
2585 1124 2794 1182 habere
2816 1126 3145 1183 dominium

1790 1205 2102 1261 voluntatis
2146 1212 2365 1270 creatae,
2397 1212 2452 1260 et
2495 1222 2562 1261 ea
2592 1206 2672 1261 uti
2715 1206 2777 1262 in
2825 1207 3030 1264 ordine
3076 1207 3145 1264 ad

1788 1301 1920 1341 suas
1938 1279 2323 1358 ‘operationes
2349 1287 2484 1360 quia
2509 1286 2701 1342 influit
2730 1288 3062 1345 immediate
3085 1289 3147 1344 in

1792 1366 2090 1439 praedictas
2109 1369 2489 1440 operationeS,
2520 1376 2576 1426 et
2602 1385 2683 1427 eae
2712 1376 3001 1442 nequeunt
3024 1388 3149 1443 pro·

1789 1448 1915 1505 duci
1948 1450 2061 1506 nisi
2106 1449 2494 1523 dependenter
2541 1469 2574 1508 a
2601 1451 2701 1508 Dei
2731 1451 2989 1518 influxu3
3022 1454 3146 1525 pari

1792 1532 2014 1590 ratione
2039 1531 2261 1588 dicetur
2281 1534 2636 1590 voluntatem
2663 1540 2912 1590 creatam
2937 1535 3148 1593 habere

1790 1614 2115 1671 dominium
2147 1615 2265 1681 Dei,
2297 1621 2352 1671 et
2376 1630 2443 1672 eo
2472 1615 2552 1670 uti
2583 1616 2645 1671 in
2675 1615 2878 1672 ordine
2914 1616 2984 1673 ad
3010 1633 3148 1690 ope-

1792 1699 2040 1754 rationes
2068 1695 2137 1751 ad
2166 1702 2328 1752 extra
2355 1695 2539 1769 :quod
2565 1703 2651 1752 est
2677 1698 2918 1755 omnino
2941 1698 3147 1756 absur-

1789 1780 1946 1835 dum.
1980 1780 2139 1834 Patet
2157 1767 2384 1850 sequela
2413 1779 2474 1834 in
2498 1779 2815 1836 actionibus
2836 1781 3109 1838 vitalibus
3130 1806 3144 1850 ;

1791 1875 1926 1915 narn
1954 1859 2097 1914 sicut
2133 1857 2385 1914 influxus
2424 1865 2699 1917 creaturan
2727 1861 2789 1917 in
2812 1861 2913 1918 has
2941 1878 3148 1934 opera-

1791 1940 1972 1996 tiones
2014 1939 2154 2011 petit
2194 1954 2533 1995 concursum
2576 1941 2993 1999 simultancum
3023 1943 3143 2009 Dei,

1789 2019 1869 2074 ita
1898 2017 2149 2074 influxus
2176 2017 2276 2074 Dei
2306 2018 2368 2073 in
2390 2019 2617 2076 easdem
2639 2022 3001 2094 operationes
3028 2039 3149 2094 pos-

1792 2098 1933 2155 tulat
1960 2097 2247 2154 influxum
2275 2105 2566 2164 creaturae,
2593 2106 2650 2156 et
2676 2102 2873 2173 nequit
2901 2103 3044 2160 actio
3066 2103 3150 2158 vi·

1790 2180 1922 2236 talis
1968 2178 2219 2251 produci,
2269 2180 2411 2251 quin
2440 2180 2510 2236 ab
2554 2181 2849 2254 utriusque
2876 2182 3148 2256 principii

1789 2261 2011 2318 influxu
2032 2259 2364 2334 dependeat.

1863 2342 1948 2397 Ad
1996 2342 2130 2405 haec,
2178 2358 2534 2415 supremum,
2575 2349 2630 2401 et
2675 2344 2999 2403 absolutum
3046 2348 3147 2404 Dei

1789 2421 2117 2480 dominium
2144 2440 2318 2495 supra
2346 2425 2700 2481 voluntatem
2736 2434 2985 2483 creatam
3016 2445 3146 2501 pos-

1790 2504 1951 2567 tulat,
1981 2509 2039 2558 ut
2069 2506 2214 2558 Deus
2244 2506 2415 2576 possit
2444 2506 2607 2561 illam
2635 2506 2745 2562 sibi
2775 2507 3067 2582 subjicere,
3092 2515 3149 2566 et

1791 2583 2034 2655 perfecte
2057 2582 2436 2641 subordinare
2467 2609 2480 2642 ε
2510 2585 2608 2642 sed
2639 2589 2783 2643 Deus
2822 2605 2892 2644 ex
2920 2590 2977 2648 vi
3008 2607 3147 2647 con-

1787 2680 1986 2719 cursus
2012 2663 2345 2730 simultanei
2374 2666 2571 2738 nequit
2597 2666 2707 2722 sibi
2740 2669 2981 2739 perfecte
3007 2671 3146 2727 sub-

1783 2745 1978 2818 jicere,
2003 2749 2060 2801 et
2079 2744 2459 2802 subordinare
2480 2749 2834 2805 voluntatem
2858 2757 3105 2809 creatam
3130 2776 3142 2809 :

1788 2843 1925 2901 ergo
1951 2826 2277 2900 huJusmodi
2324 2845 2632 2886 concursus
2661 2847 2777 2889 non
2815 2826 3028 2891 ⁴sufficit
3074 2836 3143 2893 ad

1788 2911 2132 2967 salvandum
2172 2927 2526 2982 supremum,
2576 2920 2631 2970 et
2676 2914 2999 2974 absolutum
3048 2923 3148 2977 Dei

1789 2989 2117 3047 dominium
2170 3009 2346 3064 supra
2395 2994 2775 3052 voluntatem.
2832 2999 3017 3071 Major
3068 3007 3151 3057 est

1789 3076 1960 3135 certa,
1990 3071 2266 3144 quoniam
2293 3072 2438 3127 sicut
2483 3071 2810 3131 dominium
2842 3077 2903 3132 in
2943 3094 3155 3152 genere

1790 3153 2065 3225 importat
2096 3158 2424 3225 potestatem
2454 3171 2628 3227 supra
2672 3173 2793 3214 rem
2822 3158 3149 3218 dominanti

1787 3232 2097 3297 subditam,
2145 3232 2223 3288 ita
2269 3232 2596 3290 dominium
2644 3238 3145 3310 perfectissimum,

1788 3315 1959 3385 quale
2010 3319 2094 3369 est
2132 3311 2461 3371 dominium
2488 3332 2844 3388 supremum,
2879 3326 2933 3378 et
2981 3322 3149 3381 abso-

1789 3395 1976 3449 lutum
2013 3393 2113 3449 Dei
2153 3411 2326 3468 supra
2353 3396 2708 3454 voluntatem
2738 3408 3005 3469 creatam,
3043 3421 3147 3461 ex-

1790 3477 1968 3549 poscit
2012 3483 2071 3533 ut
2118 3479 2263 3533 Deus
2310 3478 2475 3534 illam
2524 3479 2698 3553 possit
2744 3483 2987 3552 perfecte
3036 3486 3146 3543 sibi

1788 3558 2088 3632 subjicere,
2119 3566 2172 3616 et
2217 3558 2619 3617 subordinare.
2652 3562 2846 3620 Minor
2872 3567 3047 3622 etiam
3074 3570 3149 3624 li-

1788 3646 1940 3713 quet,
1971 3640 2247 3715 quoniam.
2286 3654 2357 3694 ex
2395 3640 2453 3694 vi
2480 3656 2785 3697 concursus
2812 3645 3146 3706 simultanei

1790 3720 2038 3775 duarum
2062 3734 2363 3775 causarum
2386 3718 2454 3774 ad
2479 3719 2725 3777 eundem
2749 3724 3007 3783 effectum
3032 3732 3149 3786 sal-

1790 3806 1960 3857 vatur
2005 3797 2258 3871 quidem,
2291 3797 2552 3854 effectum
2600 3800 2671 3856 ab
2717 3809 2956 3877 utraque
2981 3825 3148 3867 causa

1789 3877 2132 3953 dependere,
2158 3884 2213 3934 et
2236 3878 2463 3951 utrique
2478 3879 2876 3954 subordinari;
2903 3888 3148 3948 minime

1789 3976 1927 4019 vero
1967 3960 2242 4026 salvatur,
2275 3959 2425 4033 qnod
2449 3976 2562 4017 una
2583 3977 2749 4019 causa
2773 3965 2834 4020 in
2862 3970 3045 4041 seipsa
3068 3974 3146 4028 al-

1791 4044 1898 4102 teri
1927 4042 2369 4110 subordinetur;
2400 4043 2542 4099 alias
2565 4044 2635 4100 ab
2663 4046 2785 4118 ipsa
2828 4049 2888 4106 in
2918 4053 3017 4107 tali
3046 4070 3144 4108 su-

1790 4125 2193 4182 bordinatione
2234 4121 2595 4196 dependeret.
2626 4142 2865 4200 eamque
2907 4133 3146 4202 proinde

1789 4211 2151 4279 supponeret,
2166 4211 2223 4261 et
2242 4211 2649 4276 consequenter
2665 4223 2780 4264 non
2795 4226 2855 4265 se
2869 4211 3145 4270 haberent

1793 4304 1933 4361 pure
1953 4287 2316 4351 simultanee,
2337 4284 2436 4343 sed
2461 4302 2575 4343 una
2595 4288 2835 4347 alteram
2860 4296 3104 4353 anteiret
3131 4319 3143 4353 ε

1789 4385 1926 4443 ergo
1970 4383 2040 4425 ex
2087 4367 2145 4422 vi
2194 4382 2501 4424 concursus
2525 4368 2859 4427 simultanei
2893 4375 2988 4430 Dei
3016 4393 3144 4433 cum

1791 4451 2086 4517 voluntate
2137 4455 2324 4505 creata
2375 4448 2601 4505 minine
2651 4451 2908 4508 salvatur
2931 4498 2944 4523 ‚
2997 4460 3149 4530 quod.

1795 4534 1939 4588 Deus
1962 4530 2125 4587 illam
2153 4529 2264 4585 sibi
2287 4530 2530 4603 perfecte
2554 4529 2907 4603 subordinet,
2933 4544 2986 4594 et
3008 4540 3147 4596 sub·

1785 4612 1965 4687 J'iciat.

1875 4695 1996 4749 158.
2021 4691 2277 4749 Tandem
2307 4692 2409 4748 alii
2434 4709 2504 4750 ex
2527 4693 2885 4754 Adversariis
2912 4716 3149 4776 respon-

3194 4744 3344 4787 Ultima

1792 4776 1946 4842 dent,
1982 4777 2160 4831 Deum
2187 4772 2403 4830 habere
2436 4790 2791 4847 supremum,
2836 4786 2892 4836 et
2918 4781 3150 4841 absolu-
3189 4804 3346 4838 evas-no.

1793 4863 1915 4913 tum
1943 4852 2270 4913 dominium
2292 4868 2465 4926 supra
2488 4860 2742 4932 nostram
2774 4863 3146 4933 voluntatem,

1794 5036 1913 5078 non
1935 5019 2123 5077 solum
2151 5016 2586 5088 simultaneum,
2611 5018 2708 5076 sed
2735 5023 2907 5080 etiam
2932 5044 3155 5099 praeve·

2974 5108 3009 5160 8
3057 5142 3061 5147 .

1743 4968 1748 4973 ·
1794 4935 2053 5010 illudque
2072 4933 2401 4992 dominium
2416 4950 2679 4994 exercere
2697 4955 2797 5011 per
2813 4958 3150 5006 concursum
3218 4996 3225 5003 ,
