3647 5753
474 428 584 484 322
1287 428 1292 432 ’
1417 426 1511 481 ΒΕ
1548 425 2133 481 JUSTIFICATIONE
2173 425 2376 510 IMPlI.

546 595 935 654 confirmatur
954 595 1228 671 secundo;
1258 602 1396 653 nam
1415 596 1568 670 quod
1599 600 1748 654 Deus
1774 597 1838 654 in

474 676 642 751 impii
684 675 1093 752 justificatione
1121 679 1375 750 aliquam
1422 679 1532 751 ipsi
1588 679 1837 737 formam

474 759 851 817 intrinsecam
899 759 1372 829 sanctificantem,
1417 761 1759 827 elevantem,
1784 766 1841 818 et

473 845 851 898 exornantem
880 840 1141 897 animam
1168 842 1569 909 communicet,
1613 840 1840 899 nullam

476 923 738 996 implicat
778 922 1286 980 contradictionem
1319 928 1413 981 tet
1459 923 1692 982 aliunde
1734 925 1842 980 hoc

479 1002 665 1078 magis
709 1002 867 1060 decet
904 997 1234 1060 'bonitatem
1284 1003 1406 1069 Dei,
1457 1004 1640 1078 magis
1677 1003 1843 1061 effert

481 1085 690 1142 merita
728 1085 954 1149 Christi,
979 1091 1037 1142 et
1074 1085 1289 1159 magis,
1332 1085 1453 1143 imo
1499 1085 1842 1158 simpliciter

480 1169 752 1223 consonat
778 1166 1127 1222 testimoniis
1146 1181 1322 1223 sacrae
1334 1166 1640 1238 Scripturae
1671 1187 1684 1221 ε
1706 1180 1844 1239 ergo

271 1248 564 1303 Calvinusita
581 1245 950 1304 asserendum
978 1252 1084 1304 est.
1115 1245 1280 1304 Unde
1305 1248 1430 1321 ipse
1456 1248 1734 1304 Calvinus
1750 1246 1842 1303 vi-

482 1329 650 1387 detur
671 1329 736 1384 in
762 1329 867 1385 hac
889 1334 1050 1402 parte
1081 1327 1316 1387 tandem
1357 1330 1647 1387 convictus
1672 1342 1843 1384 suum

481 1409 687 1483 dogma
718 1413 1080 1476 retractasse;
1112 1424 1247 1465 nam
1294 1409 1356 1464 in
1387 1409 1539 1468 libro
1587 1409 1657 1466 de
1704 1422 1843 1466 vera

483 1491 748 1549 Ecclesiae
772 1491 1155 1548 reformandae
1178 1492 1418 1560 ratione,
1436 1493 1651 1565 inquit:
1673 1491 1845 1549 Nun-

480 1590 646 1650 quam
679 1574 1098 1629 reconciliamur
1126 1572 1249 1638 Dee,
1286 1575 1420 1649 quin
1469 1573 1635 1630 semel
1677 1574 1847 1628 done-

479 1671 605 1709 mur
644 1656 873 1726 justitia
924 1656 1229 1711 inhaerente.
1282 1657 1352 1709 Et
1402 1655 1649 1712 inferius
1681 1677 1695 1712 z
1725 1655 1844 1711 Do·-

479 1741 706 1790 ceantur
752 1735 997 1790 homines
1040 1736 1162 1806 fieri
1201 1753 1310 1791 non
1348 1752 1539 1807 posse,
1591 1743 1652 1792 ut
1699 1737 1847 1809 justi

479 1820 798 1870 censeantur
827 1812 1040 1889 Christi
1080 1817 1291 1881 merito,
1346 1817 1480 1888 quin
1520 1822 1849 1872 renoventur

480 1897 684 1969 spiritu
703 1898 764 1950 in
781 1903 1031 1951 sanctam
1044 1898 1216 1952 vitam
1231 1916 1250 1964 ,·
1258 1898 1575 1976 frustraque
1590 1900 1848 1967 gratuita

485 1975 586 2033 Dea·
625 1975 912 2049 adoptione
946 1977 1180 2046 gloria-ri
1199 1996 1399 2047 omnes,
1427 1982 1486 2034 in
1508 1979 1703 2056 quibus
1738 1979 1849 2051 spi-

482 2058 628 2112 ritus
664 2059 1086 2128 reqcnerationis
1130 2075 1240 2113 non
1292 2059 1506 2116 habitat
1560 2078 1577 2112 .·
1620 2058 1849 2134 denique

485 2139 664 2195 nullos
688 2158 725 2194 a
745 2139 857 2195 Deo
878 2142 1048 2213 recipi
1084 2142 1145 2195 in
1168 2144 1432 2210 matiam,
1457 2144 1554 2219 qui
1579 2159 1688 2196 non
1704 2143 1850 2213 justi

481 2239 686 2300 quoque
711 2224 833 2277 vere
848 2224 1006 2294 fiant.
1037 2221 1142 2279 Sed
1163 2239 1275 2295 quo
1304 2225 1567 2296 respiciat
1594 2222 1847 2280 haeretici

480 2305 648 2379 huJ’us
675 2305 938 2371 intentiO,
971 2305 1155 2379 magis
1199 2306 1483 2362 constabit
1508 2321 1581 2362 ex
1629 2306 1851 2364 imme-

481 2383 636 2441 diate
656 2383 933 2441 dicendis.

1098 2553 1130 2618 ς
1171 2552 1238 2606 11.

711 2695 986 2753 Resolutio
1005 2697 1244 2752 secundae
1262 2698 1630 2771 difficultatis.

279 2886 466 2930 secum
566 2849 655 2906 33.
704 2849 1018 2907 Dicendum
1040 2855 1126 2908 est
1150 2851 1415 2921 secundo,
1446 2851 1854 2910 sanctificatio·

278 2936 451 2995 conplu—
493 2944 627 2986 nem
656 2930 1014 2999 interiorem,
1053 2937 1109 2988 et
1162 2939 1515 3005 peccatorum
1559 2934 1855 2991 remissio-

329 2995 408 3029 ⁵¹⁰'
492 3025 646 3077 nem,
678 3026 802 3084 quae
841 3011 905 3067 in
929 3013 1094 3086 impii
1112 3012 1516 3088 justificatione
1538 3014 1702 3083 fiunt,
1736 3030 1855 3072 non

490 3104 551 3147 se
571 3091 781 3148 habere
802 3107 945 3165 pure
972 3094 1335 3161 simultanee,
1362 3098 1454 3153 vel
1469 3098 1857 3164 concomitan-

493 3175 597 3235 ter,
626 3171 715 3226 vel
751 3188 784 3227 a
829 3169 1076 3228 diversis
1121 3173 1326 3230 formis
1378 3178 1684 3248 provenire
1710 3201 1726 3244 ;
1755 3175 1855 3232 sed

492 3249 823 3308 immediate
875 3267 997 3308 esse
1046 3253 1277 3310 effectus
1333 3254 1609 3312 formales
1657 3258 1858 3331 gratiae

492 3329 915 3397 sanctificantis,
943 3336 1000 3388 et
1026 3332 1096 3389 ab
1121 3350 1187 3391 ea
1230 3337 1665 3394 communicari.
1699 3340 1858 3394 Hanc

300 3425 460 3484 cqncil.
493 3412 915 3469 conclusionem
962 3416 1099 3470 satis
1126 3422 1321 3489 aperte
1347 3417 1507 3475 docet
1534 3419 1857 3476 Concilium

282 3476 477 3519 rudent.
493 3491 900 3568 'tridentinum
946 3511 1071 3551 sess.
1113 3497 1168 3562 6,
1219 3516 1339 3571 cap.
1371 3503 1426 3565 7,
1461 3498 1557 3554 ubi
1603 3500 1859 3555 declarat

487 3574 949 3647 justificationem
979 3594 1087 3631 non
1132 3595 1241 3633 esse
1284 3581 1461 3636 solam
1508 3588 1856 3653 peccatorum

491 3657 880 3722 remissionem,
907 3657 999 3711 sed
1015 3664 1065 3711 et
1092 3661 1597 3728 sanctificationem,
1621 3670 1671 3715 et
1696 3679 1859 3717 reno-

491 3740 766 3793 vationem
807 3741 1086 3795 interioris
1110 3743 1370 3798 hominis.
1415 3744 1484 3797 Et
1522 3742 1729 3800 deinde
1754 3760 1859 3801 ex·-

497 3819 667 3890 plicat
700 3818 1126 3893 justificationis
1150 3839 1364 3889 causas,
1415 3829 1472 3879 et
1517 3826 1861 3896 perveniens

496 3898 565 3955 ad
593 3917 819 3957 causam
836 3901 1160 3968 formalem,
1195 3904 1411 3977 inquit:
1438 3903 1667 3962 Demum
1695 3910 1861 3962 unica
1948 3919 1957 3926 ’

495 3983 752 4054 formalis
775 4001 946 4040 causa
966 3993 1042 4039 est
1066 3988 1296 4056 justitia
1324 3986 1445 4052 Dei,
1478 4006 1587 4043 non
1613 4007 1723 4067 qua
1750 3992 1863 4062 ipse

485 4065 673 4135 justus
690 4071 786 4132 est,
817 4066 909 4121 sed
933 4084 1042 4144 qua
1079 4084 1176 4122 nos
1192 4070 1372 4140 ,iustos
1415 4068 1555 4140 facit
1583 4087 1732 4145 :qua
1779 4072 1864 4126 vi-

497 4144 682 4200 delicet
703 4144 772 4201 ab
798 4162 856 4200 eo
875 4146 1068 4202 donati
1086 4165 1418 4204 renovamur
1436 4151 1639 4222 spiritu
1665 4152 1863 4206 mentis

502 4232 711 4292 noslroe,
735 4234 785 4282 et
805 4245 914 4283 non
929 4228 1086 4284 modo
1111 4238 1453 4303 reputamur,
1471 4231 1564 4286 sed
1583 4249 1703 4287 vere
1719 4234 1864 4304 justi

497 4309 870 4375 nominamur,
896 4316 945 4364 et
983 4327 1192 4378 sumus,
1225 4314 1285 4367 in
1323 4312 1476 4368 nobis
1519 4316 1858 4387 recipiente&

498 4398 595 4447 etc.
617 4392 699 4445 Ex
715 4390 923 4464 quibus
945 4407 1043 4464 per
1063 4393 1381 4467 legitimam
1396 4397 1862 4469 consequentiam

500 4471 786 4529 evincitur
807 4479 1000 4529 nostra
1027 4475 1349 4543 conclusio;
1375 4492 1511 4533 nam
1532 4476 1865 4552 justificatio

504 4552 780 4624 importat
805 4553 1207 4611 remissionem
1231 4562 1609 4628 peccatorum,
1630 4564 1688 4615 et
1706 4575 1867 4616 sanc·

504 4633 876 4693 tificationem
905 4636 1263 4705 interiorem,
1297 4644 1358 4695 ut
1383 4639 1543 4698 docet
1569 4657 1730 4698 sacra
1756 4643 1866 4716 Sy-

506 4715 688 4773 nodus
735 4717 797 4773 in
826 4718 1017 4790 prima
1057 4720 1445 4792 propositione
1469 4742 1482 4777 ι
1507 4721 1609 4778 sed
1649 4721 1867 4796 justifi-

504 4800 651 4856 catio
675 4797 739 4855 fit
760 4814 862 4871 per
882 4801 1168 4874 justitiam
1193 4801 1591 4873 inhaerentem,
1617 4821 1712 4862 seu
1729 4820 1868 4879 gra-

507 4881 646 4938 tiam
668 4880 1138 4951 sanctificantem,
1191 4875 1464 4959 tanquam
1495 4903 1597 4961 per
1634 4902 1865 4945 causam

507 4961 832 5028 formalem,
862 4969 926 5018 ut
940 4965 1259 5022 Concilium
1288 4967 1349 5023 in
1377 4967 1625 5024 secunda
1652 4984 1865 5041 propo-

500 5042 716 5101 sitione
734 5042 982 5101 declarat
1015 5069 1029 5103 :
1057 5064 1193 5122 ergo
1218 5052 1334 5104 tam
1368 5049 1632 5107 remissio
1668 5066 1866 5124 pecca-

1971 601 2181 664 torum,
2214 612 2386 671 quam
2406 598 2652 655 interior
2678 594 3053 654 sanctificatio
3087 597 3223 649 sunt
3255 591 3338 649 ef-

1972 677 2149 735 fectus
2162 678 2433 736 formales
2456 677 2655 752 gratiae
2668 675 3158 742 sanctificantis,et
3178 671 3249 729 ab
3270 687 3338 729 ea

1970 764 2246 830 tanquam
2268 773 2301 814 a
2326 773 2493 814 causa
2526 756 2759 814 formali
2786 753 3144 829 dependent3
3169 757 3339 826 atque

1971 838 2100 898 ideo
2121 856 2239 897 non
2263 855 2324 897 se
2350 839 2562 897 habent
2577 854 2721 912 pure
2744 838 3217 901 concomitanter,
3244 836 3338 891 vel

1971 922 2334 989 simultanee,
2366 922 2446 979 ita
2471 919 2623 994 quod
2677 921 2939 977 remissio
2980 923 3338 993 peccatorum

1974 1003 2046 1061 ab
2065 1018 2183 1059 una
2208 1002 2394 1059 forma
2422 1000 2741 1075 proveniat,
2787 1006 2843 1058 et
2867 998 3241 1071 sanctificatio
3266 996 3339 1053 ab

1974 1083 2108 1140 alia.
2165 1082 2326 1147 Quod
2371 1081 2697 1141 evidentius
2751 1082 2938 1139 adhuc
2986 1079 3341 1137 determinat

1975 1164 2129 1222 idem
2150 1167 2470 1222 Concilium
2490 1182 2618 1222 sess,
2643 1168 2698 1230 5,
2733 1166 2791 1219 in
2816 1164 3027 1220 decreto
3049 1164 3114 1218 de
3124 1169 3342 1236 peccato

1975 1246 2254 1317 oriqinali,
2285 1264 2433 1310 num.
2459 1248 2514 1313 5,
2546 1245 2644 1302 ubi
2691 1245 2811 1302 haec
2836 1244 3164 1301 habentur:
3211 1263 3237 1292 α
3281 1241 3341 1295 Si

1980 1348 2008 1380 α
2046 1327 2178 1400 quis
2206 1343 2306 1399 per
2327 1327 2561 1385 Domini
2588 1326 2775 1383 nostri
2802 1328 2935 1382 Jesu
2963 1324 3177 1381 Christi
3203 1337 3341 1398 gra-

1984 1432 2011 1464 «
2052 1410 2213 1476 tiam,
2238 1409 2444 1482 quaein
2486 1409 2836 1482 Baptismate
2880 1406 3195 1471 confertur,
3222 1420 3342 1462 rea-

1982 1511 2008 1543 «
2054 1493 2176 1544 tum
2221 1489 2528 1563 originalis
2584 1490 2791 1563 peccati
2862 1489 3082 1544 remitti
3148 1491 3354 1560 negat,

1982 1592 2009 1622 «
2052 1575 2151 1627 aut
2175 1572 2350 1629 etiam
2380 1571 2589 1628 asserit·
2602 1587 2719 1628 non
2735 1572 2860 1628 tolli
2888 1576 3071 1628 totum
3093 1569 3172 1639 id,
3194 1568 3343 1643 quod

1983 1673 2009 1705 «
2053 1667 2273 1718 veram,
2301 1658 2358 1709 et
2385 1652 2680 1724 propriam
2709 1652 2992 1708 rationem
3016 1651 3223 1725 peccati
3248 1650 3346 1706 ha-

1987 1754 2013 1787 «
2056 1731 2167 1798 bet,
2213 1733 2520 1790 anathema
2552 1733 2645 1789 sit.
2694 1754 2719 1784 n
2761 1735 2908 1789 Nam
2942 1731 3017 1799 id,
3049 1746 3151 1804 per
3196 1729 3347 1804 quod

1982 1818 2270 1886 peccatum
2323 1813 2657 1879 remittitur,
2689 1818 2778 1868 est
2805 1828 2941 1870 vera
2977 1828 3148 1868 causa
3197 1826 3344 1883 prae·

1981 1895 2143 1952 dictae
2171 1895 2565 1952 remissionis:
2587 1893 2684 1951 sed
2716 1900 3003 1967 peccatum
3027 1893 3347 1951 remittitur

1982 1994 2084 2052 per
2109 1978 2355 2052 gratiam
2380 1976 2611 2043 Christi,
2640 1977 2833 2048 utique
2861 1977 3265 2038 inhaerentem,
3287 1981 3346 2031 et

1984 2059 2380 2125 intrinsecam,
2423 2062 2482 2113 et
2515 2054 2985 2124 sanctificantem,
3037 2061 3098 2111 ut
3149 2056 3347 2128 ipsum

1985 2140 2303 2197 Concilium
2349 2138 2611 2210 explicat,
2637 2141 2693 2193 et
2729 2136 2950 2202 definit,
2979 2154 3107 2193 sess.
3130 2138 3184 2205 6,
3217 2155 3342 2192 can.

1993 2212 2238 2294 ll;‘ergo
2262 2220 2445 2294 gratia
2471 2217 2833 2275 sanctificans
2870 2224 2956 2275 est
3001 2233 3138 2275 vera
3179 2234 3350 2275 causa

1987 2302 2346 2359 remissionis
2388 2306 2743 2373 peccatorum
2767 2325 2781 2368 ;
2835 2306 2892 2357 et
2936 2307 3352 2373 consequenter

1988 2383 2251 2441 remissio
2274 2388 2648 2456 peccatorum,
2679 2399 2802 2454 quae
2841 2383 2907 2439 in
2943 2381 3352 2454 justificatione

1987 2464 2069 2530 fit,
2123 2480 2241 2521 non
2280 2480 2340 2521 se
2385 2462 2554 2520 habet
2601 2479 2742 2536 pure
2785 2464 3234 2520 concomitanter
3276 2463 3349 2520 ad

1985 2543 2514 2610 sanctificationem,
2565 2559 2662 2599 seu
2712 2543 3144 2600 renovationem
3194 2543 3350 2600 inte-

1991 2623 2359 2692 riorem3sed
2385 2624 2524 2691 haec,
2548 2630 2606 2680 et
2645 2624 2751 2679 illa
2792 2621 2866 2680 ab
2911 2622 3111 2679 eadem
3162 2625 3351 2681 forma

1989 2705 2333 2770 intrinseca,
2364 2709 2419 2760 et
2464 2704 2728 2761 interiori
2773 2704 3139 2776 proveniunt.
3189 2705 3353 2762 Unde

1936 2850 1941 2855 ,
1989 2784 2375 2841 catechismus
2401 2786 2697 2841 Romanus
2722 2799 2793 2841 ex
2831 2782 3057 2842 decreto
3090 2784 3348 2859 ejusdem
3382 2818 3551 2863 catena

1989 2863 2231 2923 Concilii
2275 2863 2461 2921 editus
2494 2873 2648 2940 part.
2702 2867 2758 2930 2,
2815 2884 2934 2940 cap.
2960 2867 3016 2932 2,
3067 2884 3216 2923 num.
3250 2868 3343 2933 50,
3393 2870 3559 2912 Roman.

1991 2945 2181 3018 inquit
2213 2965 2226 3001 :
2257 2965 2281 2996 «
2314 2946 2412 3000 Est
2431 2952 2621 3003 autem
2640 2946 2844 3021 gratia,
2863 2945 3349 3018 quemadmodum

1997 3050 2022 3083 «
2063 3025 2406 3083 Tridentina
2428 3028 2692 3102 Synodus
2714 3027 2785 3084 ab
2812 3028 3083 3084 omnibus
3106 3028 3353 3086 creden-

1996 3132 2022 3164 «
2065 3109 2223 3174 dum,
2275 3125 2442 3181 poena
2480 3110 2863 3167 anathematis
2909 3112 3221 3183 proposita,
3251 3109 3356 3167 de-

1994 3212 2020 3242 «
2060 3189 2261 3255 crevit,
2295 3205 2413 3246 non
2433 3191 2621 3247 solum
2651 3207 2751 3263 per
2777 3206 2947 3263 quam
2998 3195 3357 3264 peccatorum
3391 3241 3414 3262 ,

1954 3305 1957 3307 >
1995 3293 2020 3324 «
2064 3269 2129 3326 fit
2155 3271 2439 3338 remissio,
2456 3271 2553 3327 sed
2579 3270 2781 3326 divina
2808 3271 3055 3342 qualitas
3077 3272 3139 3328 in
3161 3273 3359 3328 anima

1997 3373 2022 3403 «
2065 3350 2375 3418 inhaerens,
2422 3367 2485 3407 ac
2514 3352 2690 3407 veluti
2719 3351 2991 3424 splendor
3016 3351 3273 3425 quidam,
3306 3359 3364 3408 et

1997 3453 2021 3484 «
2067 3434 2187 3497 lux,
2213 3447 2336 3504 quae
2362 3431 2693 3488 animarum
2745 3436 3078 3488 nostrarum
3106 3433 3381 3490 maculas

2000 3535 2026 3567 α
2066 3529 2266 3584 omnes
2285 3512 2462 3579 delet,
2495 3514 2758 3587 ipsasque
2805 3514 3034 3571 animas
3062 3516 3360 3589 pulchrio-

1998 3616 2025 3647 «
2072 3610 2179 3661 res,
2205 3599 2260 3649 et
2299 3593 2718 3666 splendidiores
2744 3594 2948 3652 reddit.
2981 3617 3006 3648 ›>
3043 3599 3111 3651 Et
3144 3598 3224 3653 ita
3250 3595 3358 3653 do-

1993 3681 2121 3731 cent
2140 3675 2526 3732 communiter
2574 3678 2838 3734 Doctores
2874 3678 3171 3743 Catholici,
3216 3693 3360 3750 quos

1996 3753 2238 3827 proinde
2276 3770 2764 3827 supervacaneum
2819 3765 2904 3816 est
2956 3758 3191 3814 referre.
3257 3757 3359 3813 vi-

1994 3837 2240 3894 deantur
2290 3843 2484 3894 tamen
2534 3841 2816 3897 Authores
2843 3846 2874 3911 §
2904 3839 3235 3914 praecedenti
3262 3857 3362 3897 re-

1996 3921 2117 3986 lati,
2149 3925 2206 3977 et
2230 3921 2613 3993 stapletonius
2640 3923 2732 3979 lib.
2767 3926 2802 3978 5
2829 3926 2941 3996 fere
2963 3941 3061 3996 per
3081 3930 3273 3988 totum,
3304 3928 3363 3979 et
3376 3935 3556 3992 staplen.

1995 4001 2186 4057 Curiel
2208 4002 2552 4074 inpraesenti,
2583 4010 2695 4058 art.
2719 4006 2772 4072 2,
2798 4004 2924 4060 dub.
2966 4007 3010 4073 l,
3044 4005 3278 4060 conclu&
3300 4004 3355 4070 2,
3375 3985 3557 4077 3222?ss

1994 4083 2206 4138 Suarez
2231 4082 2294 4138 de
2315 4085 2503 4151 ,qratia
2525 4083 2616 4141 tib.
2643 4089 2695 4150 7,
2720 4103 2840 4157 cap.
2871 4089 2926 4143 7.

2066 4164 2157 4221 34.
2192 4163 2474 4221 Probatur
2500 4167 2737 4224 assertio
2781 4168 2965 4241 quoad
3018 4182 3221 4225 omnes
3269 4168 3356 4223 si·
3415 4183 3553 4224 nana

1996 4247 2118 4302 mul
2172 4247 2293 4320 ejus
2322 4252 2509 4319 partes
2552 4251 2812 4322 sequenti
2849 4250 3167 4307 -discursut
3215 4266 3363 4322 quo-

1998 4326 2161 4383 niam
2176 4325 2549 4383 sanctificatio
2573 4329 2817 4387 interior
2835 4331 3001 4403 impii
3024 4336 3107 4387 est
3128 4329 3360 4387 effectus

1999 4408 2262 4465 formalis
2282 4409 2480 4483 gratias
2507 4410 2848 4469 habitualis:
2873 4429 3009 4487 ergo
3028 4411 3365 4470 etremissio

1999 4494 2392 4561 peccatorum:
2437 4505 2574 4565 ergo
2599 4492 2846 4549 interior
2885 4492 3276 4557 sanctificatiO,
3308 4498 3365 4548 et

1999 4573 2357 4641 peccatorum
2412 4571 2677 4629 remissio
2730 4587 2845 4628 non
2876 4589 2936 4630 se
2963 4573 3175 4630 habent
3221 4587 3366 4645 pure

1998 4649 2592 4717 concomitanter,·sed
2614 4652 2819 4709 ordine
2842 4651 3091 4725 quodam
3108 4654 3173 4710 in
3192 4653 3362 4725 impii

1994 4725 2422 4801 justificatione.
2478 4732 2606 4789 Haec
2649 4731 2898 4789 secunda
2961 4731 3367 4806 consequentia

2003 4807 2180 4880 liquet
2206 4823 2275 4864 ex
2298 4809 2489 4881 prima
2515 4835 2529 4879 ;
2574 4827 2711 4868 nam
2734 4827 2864 4869 cum
2899 4812 3015 4870 duo
3041 4813 3273 4870 effectus
3293 4811 3367 4868 ab

2000 4889 2200 4946 eadem
2249 4891 2438 4949 forma
2481 4894 2851 4965 proveniunt,
2910 4912 3027 4953 non
3072 4911 3134 4953 se
3155 4893 3371 4951 habent

2003 4985 2145 5044 pure
2188 4973 2657 5040 concomitanter,
2710 4973 2806 5031 sed
2847 4981 3084 5033 servant
3111 4977 3367 5049 aliquem

2002 5050 2267 5109 ordinem
2297 5053 2448 5111 inter
2468 5071 2529 5112 se
2562 5076 2575 5112 ε
2619 5058 2935 5127 praesertim
2965 5056 3195 5132 quando
3216 5072 3371 5113 unus

3232 5151 3235 5156 ’
3283 5145 3368 5196 est
