3647 5753
1394 421 1574 476 DISP.
1615 421 1736 487 vn,
1781 421 1946 477 DUB.
1991 423 2057 480 V.
3014 434 3123 489 233

260 599 393 640 mus
414 589 614 641 tamen
655 587 727 643 ad
768 591 1010 660 primam
1056 589 1428 657 admittendo,
1482 589 1631 663 quod
1838 593 1966 650 322.
2012 595 2288 669 Arguitur
2325 599 2493 656 tertio
2545 599 2615 655 ab
2656 601 3321 661 inconvenienti-renium

263 666 353 721 illi
384 673 577 723 motus
619 668 988 730 indeliberati
1016 677 1287 729 moveant
1305 673 1631 745 aliqualiter
1765 672 1888 739 bus»,
1919 691 2043 747 quae
2061 692 2131 733 ex
2161 685 2353 736 nostra
2372 682 2659 738 sententia
2674 690 3118 755 consequuntur.
3139 676 3299 760 margu-

262 744 578 820 subjective
599 749 753 819 (licet
773 749 835 805 in
859 766 920 806 re
947 751 1277 825 hujusmodi
1323 753 1498 809 motio
1546 751 1630 808 nil
3177 721 3331 761 eninm.

265 824 426 881 aliud
446 826 539 895 sit,
556 844 732 900 quam
752 830 1055 887 causalitas
1083 829 1236 897 finiS‚
1263 847 1362 888 seu
1384 831 1625 904 objecti).

262 905 374 962 Sed
395 907 728 981 hujusmodi
746 911 924 967 motio
948 913 1186 969 moralis
1205 911 1515 986 subjectiva
1534 927 1631 968 so-

264 987 391 1053 lum
419 988 749 1045 fallibiliter
795 990 973 1046 infert
1004 1007 1345 1048 consensum
1388 992 1631 1064 perfecte

265 1066 548 1135 liberum;
577 1069 864 1141 siquidem
892 1077 1006 1128 tota
1025 1072 1147 1144 ejus
1171 1073 1398 1145 species,
1428 1077 1486 1128 et
1510 1086 1631 1127 om·

262 1147 360 1202 nis
372 1147 761 1222 ejusinssuxus
774 1152 1039 1223 componi
1062 1152 1478 1210 valetabsolute
1498 1167 1627 1212 cum

260 1229 547 1287 dissensu.
583 1231 748 1288 Unde
772 1221 914 1305 opus
939 1239 1024 1289 est
1050 1233 1296 1308 adjicere
1342 1232 1627 1291 auxilium

261 1311 499 1384 physice
518 1310 933 1380 determinans,
951 1313 1100 1386 quod
1122 1315 1474 1371 voluntatem
1490 1329 1629 1372 con·

253 1394 464 1466 jungat
501 1392 896 1452 infallibiliter
940 1411 1071 1451 cum
1115 1411 1414 1462 consensu,
1446 1401 1509 1452 ut
1536 1396 1628 1451 vi-

256 1474 505 1545 dimus§
520 1476 748 1548 praeced.
789 1475 875 1531 Ad
900 1478 1192 1533 secundam
1235 1477 1482 1538 dicimus
1520 1479 1628 1535 ho-

257 1555 503 1621 minem,
536 1562 598 1610 ut
625 1556 799 1613 homo
820 1561 921 1623 est,
955 1575 1071 1615 non
1091 1558 1288 1614 'solum
1317 1575 1484 1634 agere
1509 1575 1630 1616 mo·

257 1637 482 1703 taliter,
511 1638 608 1694 sed
637 1639 811 1695 etiam
844 1639 1074 1713 physice
1105 1662 1120 1698 :
1146 1639 1297 1696 unde
1332 1657 1626 1698 necessum

255 1717 527 1791 est,quod
555 1724 796 1791 utroque
822 1719 992 1777 modo
1014 1722 1331 1793 applicetur
1357 1721 1426 1778 ad
1450 1738 1627 1796 agen-

258 1798 418 1864 dum,
454 1805 515 1854 ut
535 1799 1011 1870 ostendimus54.
1043 1802 1128 1857 Ad
1150 1804 1372 1859 tertiam
1396 1819 1629 1876 respon·

257 1882 446 1950 detur,
480 1898 597 1939 non
626 1882 914 1940 verificari
935 1899 1065 1940 cum
1085 1887 1450 1958 proprietate,
1476 1884 1626 1959 quod

259 1967 405 2021 Deus
437 1981 540 2022 nos
568 1965 740 2022 iaciat
780 1967 983 2032 tacere,
1019 1967 1130 2023 nisi
1181 1984 1284 2026 nos
1327 1969 1626 2026 efficaciter

259 2054 606 2117 praemoveat
622 2046 692 2103 ad
714 2047 1019 2123 agendum,
1042 2055 1103 2104 ut
1118 2051 1488 2122 exposuimus
1506 2051 1626 2107 loco

260 2129 524 2201 proxime
549 2131 742 2187 citat0.
781 2129 1061 2186 Addimus
1107 2132 1435 2205 hujusmodi
1491 2150 1625 2206 pro-

258 2209 517 2268 bationes
547 2212 985 2284 praetermittere
1008 2222 1306 2287 urgentem
1329 2216 1505 2272 aliam
1529 2232 1626 2271 ra-

261 2291 476 2347 tionem
506 2290 799 2348 asserendi
841 2293 1234 2350 necessitatem
1263 2295 1465 2351 auxilii
1501 2295 1626 2352 effi-

260 2371 419 2436 cacis,
475 2372 600 2428 sive
643 2371 944 2428 efficaciter
988 2375 1412 2444 praemoventis,
1452 2391 1625 2448 quam

260 2455 293 2522 g
318 2454 353 2508 3
381 2453 760 2520 firmavimuS,
796 2470 1002 2527 nempe
1048 2455 1345 2513 hominem
1398 2458 1460 2514 in
1487 2474 1624 2531 qua-

266 2531 403 2589 libet
428 2536 755 2606 operatione
780 2535 1105 2609 comparari
1123 2550 1223 2608 per
1245 2535 1481 2594 modum
1500 2538 1624 2593 ins-

266 2616 544 2671 trumenti
593 2617 810 2691 physici
859 2617 930 2673 ad
985 2619 1164 2673 Deum
1225 2618 1624 2692 principaliter

264 2700 526 2767 agentem
559 2696 743 2770 :quod
764 2696 974 2769 absque
1001 2697 1221 2754 auxilio
1262 2698 1506 2773 physice
1518 2717 1623 2774 ap·

261 2774 509 2846 plicante
535 2776 604 2832 ad
626 2792 800 2849 opera
820 2777 1056 2834 honesta
1070 2778 1286 2834 salvari
1311 2794 1429 2836 non
1452 2782 1617 2850 valet,

261 2860 321 2912 ut
348 2854 565 2915 ibidem
591 2858 992 2931 explicuimus.
1345 2928 1351 2933 ,

59 2953 232 2995 occurri·
327 2937 410 2992 Ad
432 2937 934 2995 confirmationem
964 2939 1339 3012 respondetur
1362 2942 1623 3015 negando

56 3005 217 3093 'ffissffll‘
253 3019 541 3075 minorem
562 3043 577 3087 ;
609 3035 748 3075 nam
769 3021 1076 3092 supposito,
1127 3020 1277 3094 quod
1333 3023 1619 3079 auxilium

80 3099 189 3142 noni.
250 3097 442 3155 efficax
459 3099 664 3156 debeat
693 3098 904 3156 habere
929 3100 1236 3157 efficaciam
1265 3118 1335 3159 ex
1382 3117 1462 3168 se,
1518 3103 1623 3160 hoc

249 3183 331 3233 est
355 3178 761 3237 antecedenter
789 3178 858 3235 ad
903 3196 1264 3248 consensum,
1296 3187 1413 3238 tam
1451 3198 1620 3240 exer-

249 3259 441 3327 citum,
492 3277 672 3334 quam
726 3260 1055 3331 praevisum,
1095 3266 1152 3317 et
1201 3261 1404 3318 debeat
1450 3263 1618 3319 illum

245 3339 544 3399 efficaciter
557 3337 952 3396 infallibiliter
975 3339 1215 3407 inferre,
1235 3346 1295 3396 ut
1317 3342 1379 3397 hi
1397 3343 1619 3400 Autho-

248 3437 339 3478 res
363 3420 668 3479 nobiscum
696 3425 1043 3488 asserunt,et
1063 3420 1155 3477 hic
1180 3422 1523 3494 supponitur
1547 3439 1618 3481 ex

241 3502 406 3560 dictis
430 3503 610 3560 dubio
636 3501 974 3575 praecedenti
995 3525 1007 3568 ;
1030 3504 1230 3559 nullus
1254 3504 1412 3579 rigor
1434 3519 1614 3577 appa-

241 3591 325 3642 ret
351 3585 414 3641 in
434 3601 522 3651 eo,
548 3582 704 3657 quod
719 3583 1020 3657 physicum
1041 3584 1131 3651 sit,
1150 3589 1210 3641 et
1226 3585 1457 3659 physice
1476 3600 1616 3643 exe-

236 3672 443 3739 quatur
468 3682 538 3723 ea
550 3680 803 3722 munera
817 3688 830 3729 ;
849 3663 946 3720 sed
961 3665 1147 3736 potius
1161 3666 1322 3722 salva
1345 3671 1616 3738 potestate
1643 3736 1648 3741 ⁵

232 3746 589 3804 antecedenti
640 3744 710 3802 ad
740 3744 1085 3818 oppositum,
1127 3752 1184 3802 et
1217 3745 1615 3805 indifferentia

230 3826 450 3897 judicii,
483 3843 614 3900 quae
657 3824 728 3881 ad
757 3823 1042 3898 agendum
1091 3823 1274 3883 libere
1303 3826 1615 3899 requirun-

231 3912 341 3973 tur,
373 3908 587 3965 melius
637 3906 885 3978 explicat
929 3904 1268 3980 dignitatem
1308 3906 1527 3981 gratiae,
1557 3914 1616 3965 et

232 3986 417 4043 divini
447 3987 704 4045 dominii
724 3986 1146 4044 excellentiam.
1181 3989 1365 4044 Immo
1390 3988 1613 4046 Autho-

234 4082 320 4122 res
362 4068 671 4133 contrarii,
721 4066 928 4133 velint,
977 4068 1185 4131 nolint,
1235 4066 1459 4141 aliquid
1501 4068 1613 4141 ipsi

238 4147 475 4206 motioni
513 4147 729 4209 morali
761 4146 1095 4221 obligantur
1123 4146 1369 4222 adjicere
1396 4145 1467 4203 ad
1494 4148 1613 4204 sal-

242 4233 482 4289 vandam
527 4232 843 4292 efficaciam
893 4229 1110 4289 divinae
1158 4232 1499 4300 voluntatis,
1555 4236 1614 4289 et

237 4309 720 4369 infallibilitatem
745 4311 998 4368 scientiae
1017 4311 1250 4376 divinae,
1277 4316 1340 4367 ut
1356 4311 1612 4368 vidimus

235 4408 383 4450 num.
409 4396 541 4460 317,
573 4399 635 4451 et
658 4394 723 4449 in
744 4393 850 4449 hoc
895 4391 1263 4467 superaddito
1277 4392 1488 4449 emicat
1512 4409 1612 4450 ea-

235 4468 360 4527 dem
387 4475 694 4547 asperitas,
730 4472 780 4528 si
809 4472 893 4529 ita
937 4471 1282 4546 appellanda
1306 4476 1409 4541 est,
1435 4489 1610 4545 quarn

233 4551 633 4627 imaginantur
645 4556 709 4611 in
722 4552 940 4610 auxilio
955 4553 1186 4628 physice
1198 4557 1604 4626 praemovente.

232 4633 503 4707 'terrores
523 4651 668 4693 vero
692 4636 800 4702 illi,
824 4634 1032 4708 quibus
1056 4634 1294 4709 quidam
1310 4635 1608 4709 physicam

234 4716 904 4787 praedeterminationem
955 4717 1209 4776 odiosam
1258 4718 1445 4775 facere
1483 4723 1608 4774 stu-

230 4796 382 4865 dent,
414 4798 768 4872 phantastici
809 4804 960 4865 sunt,
993 4805 1050 4858 et
1095 4798 1429 4873 spernendi,
1461 4800 1609 4855 sicut

233 4880 584 4954 Augustinus
636 4879 865 4937 similes
914 4879 1381 4955 pelagianorum,
1411 4884 1469 4937 et
1513 4895 1609 4937 se-

232 4962 497 5033 quacium
517 4962 776 5036 ejulatus
793 4962 1028 5034 sprevit,
1062 4967 1125 5018 ut
1150 4961 1406 5020 vidimus
1442 4961 1607 5019 dubio

235 5044 459 5113 praeeat.
487 5048 521 5115 g
559 5046 647 5111 17,
673 5050 984 5118 portorum.

383 5122 678 5183 Salmant.
737 5120 898 5183 Curs.
953 5123 1180 5196 theoloq,
1231 5131 1360 5184 tom.
1414 5121 1485 5184 X.

1764 755 1911 810 Nam
1950 757 2210 829 sequitur
2256 761 2457 832 primo,
2508 761 2826 833 quamlibet
2875 765 3123 838 gratiam

1762 832 2061 902 efficacem,
2093 840 2463 909 quantumvis
2485 840 2733 897 minima
2759 844 2851 908 sit,
2871 844 3125 902 sufficere

1764 914 1835 970 ad
1855 918 2291 975 conversionem
2314 919 2617 993 cujuslibet
2646 924 2971 992 peccatoris,
3002 925 3127 982 sive

1764 995 1885 1063 hoc,
1911 996 2033 1052 sive
2061 998 2240 1054 altero
2269 998 2439 1057 modo
2487 1001 2718 1057 affectus
2745 1003 2847 1068 sit;
2873 1004 3019 1075 quod
3042 1010 3126 1061 est

1763 1072 2096 1142 absurdum,
2141 1079 2423 1151 siquidem
2474 1080 2635 1155 juxta
2680 1084 3027 1141 sententiam
3055 1087 3119 1141 D.

1761 1156 2087 1229 Augustini,
2111 1164 2167 1214 et
2206 1159 2455 1216 aliorum
2501 1163 2594 1217 SS.
2630 1164 2885 1231 Patrum,
2938 1170 2994 1220 ct
3030 1181 3125 1221 se-

1761 1233 2014 1291 cundum
2041 1253 2406 1295 communem
2455 1240 2690 1297 modum
2738 1244 3118 1317 concipiendi,

1762 1313 1949 1391 major
1992 1322 2049 1373 et
2096 1318 2373 1377 efficacior
2422 1324 2606 1395 gratia
2651 1323 3008 1383 desideratur
3054 1327 3125 1384 ad

1762 1398 2211 1455 convertendum
2230 1401 2553 1458 maximum
2568 1411 2934 1476 peccatorem,
2951 1424 3123 1480 quam

1762 1477 1832 1534 ad
1854 1480 2286 1537 conversionem
2332 1482 2474 1555 ejus,
2499 1484 2598 1556 qui
2651 1487 2847 1544 minus
2890 1490 3121 1547 resistit.

1761 1562 2001 1633 Sequela
2027 1567 2217 1620 autem
2243 1569 2329 1620 est
2349 1566 2658 1624 manifesta
2682 1591 2697 1635 ;
2729 1584 2863 1626 nam
2890 1588 3021 1627 cum
3047 1572 3127 1629 ef-

1762 1641 1938 1700 fectus
1962 1643 2223 1701 formalis
2243 1646 2443 1719 gratiae
2470 1647 2700 1722 physice
2721 1655 3125 1723 praemoventis

1760 1722 1836 1777 sit
1860 1722 2129 1780 reducere
2171 1726 2484 1796 potentiam
2514 1727 2583 1783 ad
2612 1736 2817 1796 actum,
2852 1732 2976 1790 fieri
3007 1750 3123 1790 non

1761 1802 1989 1874 poterit,
2021 1803 2171 1875 quod
2200 1805 2291 1861 vel
2315 1807 2564 1864 minima
2584 1813 2769 1882 gratia
2796 1813 2990 1869 efficax
3020 1831 3124 1887 po·

1761 1888 1933 1939 natur
1962 1884 2024 1939 in
2056 1889 2360 1955 peccatore,
2386 1892 2443 1943 et
2487 1889 2635 1960 quod
2663 1907 2796 1948 eum
2825 1893 2893 1949 ad
2935 1901 3122 1952 actum

1758 1964 2153 2021 conversionis
2182 1981 2296 2022 non
2327 1965 2590 2035 reducat;
2624 1977 2791 2043 atque
2815 1973 2942 2031 ideo
2966 1992 3124 2048 qua:-

1761 2045 1902 2102 libet
1943 2047 2128 2120 gratia
2173 2047 2370 2105 efficax
2414 2049 2649 2108 sufficiet
2695 2053 2764 2109 ad
2809 2057 3127 2128 quamlibet

1759 2128 2214 2185 conversionem.
2238 2131 2503 2203 Sequitur
2528 2135 2774 2200 secundo,
2794 2138 2973 2208 posita
2988 2155 3126 2212 gra-

1761 2207 1842 2263 tia
1866 2208 2090 2274 efficaci,
2117 2210 2474 2268 voluntatem
2502 2229 2615 2270 non
2659 2215 2866 2273 elicere
2912 2234 3121 2275 novam

1758 2287 2326 2356 determinationem,
2360 2297 2526 2365 atque
2566 2293 2692 2352 ideo
2746 2297 2908 2354 nullo
2954 2298 3126 2357 modo

1760 2385 1945 2446 agere,
1980 2370 2077 2427 sed
2134 2373 2363 2443 praecise
2404 2374 2528 2449 agi;
2579 2377 2725 2448 quod
2761 2382 2845 2434 est
2884 2381 3129 2438 omnino

1759 2449 2094 2516 absurdum,
2123 2458 2265 2508 utex
2278 2469 2339 2509 se
2362 2454 2557 2526 liquet.
2580 2456 3126 2532 Probatursequela3

1758 2548 1897 2589 nam
1923 2548 2052 2588 cum
2075 2533 2263 2607 gratia
2287 2534 2521 2609 physice
2551 2553 2907 2608 praemovens
2932 2539 3127 2598 deter-

1757 2615 1942 2670 minet
1971 2629 2074 2686 per
2125 2615 2374 2688 seipsam
2422 2619 2779 2676 voluntatem
2831 2620 2899 2678 ad
2949 2639 3127 2680 unam

1759 2700 2000 2769 partem,
2031 2712 2520 2769 supervacaneum
2548 2701 2687 2769 erit,
2718 2702 2865 2774 quod
2914 2706 3124 2762 volun-

1754 2781 1842 2832 tas
1868 2774 2411 2834 determinationem
2431 2779 2639 2836 eliciat.
2661 2783 2927 2854 Sequitur
2941 2788 3119 2851 tertio,

1755 2859 1933 2913 Deum
1965 2855 2196 2932 physice
2216 2855 2604 2917 determinare
2639 2860 2708 2917 ad
2749 2869 2903 2920 actus
2926 2882 3119 2937 pecca-

1755 2938 2042 3003 minosos;
2070 2937 2219 3011 quod
2252 2945 2337 2995 est
2381 2941 2712 3010 absurdum,
2745 2961 2874 3001 cum
2914 2947 3122 3019 praede·

1744 3018 2088 3075 terminatio
2118 3019 2349 3092 physica
2377 3024 2678 3095 urgentius
2733 3026 2943 3082 inferat
2992 3042 3121 3101 ope·

1755 3098 2060 3164 rationem,
2086 3116 2260 3172 quam
2284 3099 2814 3172 praedeterminatio
2854 3109 3116 3175 moralis;

1751 3193 1864 3250 qua
1891 3183 2084 3234 tamen
2115 3180 2262 3236 Deus
2292 3180 2372 3234 uti
2403 3196 2521 3237 non
2550 3185 2704 3240 valet
2725 3185 2788 3241 in
2817 3187 3021 3243 ordine
3048 3190 3118 3246 ad

1752 3264 1909 3316 actus
1954 3275 2180 3331 prame,
2227 3275 2299 3317 ne
2352 3261 2577 3320 dicatur
2625 3266 2832 3324 author
2887 3272 3113 3341 peccati.

1735 3340 1991 3413 -Sequela
2011 3340 2366 3409 ostenditur,
2413 3359 2548 3400 nam
2598 3346 3120 3418 praedeterminatio

1751 3420 1986 3494 physica
2006 3418 2282 3476 fundatur
2322 3421 2385 3477 in
2430 3426 2687 3496 generali
2738 3426 3119 3501 dependentia

1749 3500 1969 3575 agentis
1989 3499 2164 3556 creati
2193 3515 2226 3555 a
2266 3501 2381 3557 Deo
2407 3501 2469 3557 in
2489 3504 2743 3575 qualibet
2764 3509 3113 3579 operatione,

1748 3587 1810 3638 ut
1830 3582 1967 3637 satis
1997 3581 2175 3653 liquet
2200 3596 2271 3637 ex
2295 3581 2461 3637 dictis
2488 3588 2518 3652 g
2541 3586 2594 3650 3,
2623 3592 2679 3641 et
2707 3596 3118 3661 consequenter

1748 3662 1842 3719 vel
1866 3677 1983 3718 non
2005 3661 2321 3733 requiritur
2343 3661 2413 3718 ad
2442 3669 2597 3720 actus
2639 3665 2836 3737 bonos,
2887 3671 2977 3727 vel
3020 3688 3114 3730 re·-

1746 3741 1999 3815 quiritur
2025 3741 2200 3797 etiam
2222 3740 2292 3797 ad
2315 3744 2516 3800 malos.

1821 3819 2218 3894 Respondetur
2238 3836 2310 3877 ex
2332 3828 2546 3889 nostra,
2566 3828 2621 3880 et
2642 3830 2935 3885 communi
2958 3832 3115 3890 The-

1749 3998 1882 4040 vere
1904 3981 2319 4039 inconveniens
2340 3983 2433 4039 sit.
2468 3983 2632 4041 Unde
2659 3985 2728 4042 ad
2746 3992 2990 4060 primum
3017 3993 3109 4049 di-

1745 4061 1990 4120 cendum
2029 4067 2133 4129 est,
2165 4062 2451 4119 auxilium
2495 4063 2689 4122 efficax
2742 4084 2900 4140 posse
2920 4075 3113 4130 consi-

1744 4143 1938 4201 derari
1979 4144 2072 4201 vel
2114 4141 2430 4199 secundum
2458 4143 2536 4211 id,
2589 4146 2737 4218 quod
2791 4150 3114 4214 formaliter

1745 4224 1929 4292 affert,
1964 4225 2056 4281 vel
2108 4222 2424 4280 secundum
2454 4224 2514 4281 id
2555 4226 2706 4299 quod
2731 4233 3115 4294 essentialiter

1745 4306 2155 4380 praesupponit.
2172 4306 2241 4360 Et
2262 4305 2369 4363 hoc
2389 4308 2692 4379 posteriori
2717 4311 2887 4370 modo
2911 4332 3113 4393 sump-

1744 4395 1868 4444 tum
1922 4388 2244 4446 necessario
2296 4390 2662 4462 praerequirit
2709 4395 2926 4454 auxilia
2952 4401 3112 4457 suffi-

1743 4471 1957 4528 cientia
1997 4469 2067 4526 ad
2109 4469 2567 4536 conversionem,
2627 4488 2835 4548 nempe
2885 4482 3112 4549 (utalia

1743 4552 2099 4621 omittamus)
2136 4549 2479 4619 vocationes,
2535 4559 2591 4608 et
2638 4554 3046 4628 inspirationes
3094 4587 3106 4620 :

1741 4648 1866 4705 quae
1886 4630 2077 4688 media
2093 4630 2255 4687 varia
2273 4634 2425 4696 sunt,
2442 4633 2749 4706 etmajora,
2766 4646 2862 4694 aut
2879 4642 3109 4701 minora

1740 4710 2055 4769 secundum
2083 4709 2392 4779 diversam,
2432 4711 2731 4784 majorem,
2789 4726 2885 4775 aut
2913 4722 3109 4781 mino..

1744 4809 1867 4851 rem
1896 4788 2151 4849 hominis
2177 4792 2548 4851 convertendi
2585 4793 3104 4873 indispositionem,

1742 4880 1798 4934 et
1819 4873 2205 4933 resistentiam
2217 4915 2230 4929 .
2245 4875 2524 4935 Caeterum
2541 4875 2721 4947 priori
2738 4881 2906 4939 modo
2921 4901 3107 4960 accep-

1743 4962 1867 5012 tum
1889 4953 2135 5013 eandem
2162 4954 2448 5011 rationem
2478 4954 2782 5015 formalem
2806 4960 3100 5037 importat,

1742 5043 1801 5097 et
1838 5052 2065 5110 semper
2088 5035 2329 5094 sortitur
2353 5035 2634 5108 effectum,
2670 5039 2766 5097 ubi
2813 5044 2876 5101 in
2907 5063 3102 5108 rerum

2894 5129 2957 5184 16

1746 3901 2055 3957 mistarum
2106 3902 2392 3959 sententia
2459 3904 2612 3959 nihil
2677 3906 2905 3975 inferri,
2962 3865 3314 3984 quodssffissfm‘
