3647 5753
508 392 623 448 792
1557 390 1652 446 DE
1692 388 1999 444 PRAEMIO
2037 386 2317 443 MERITI.

517 572 723 638 tinent,
754 570 854 630 sed
879 577 1016 628 sunt
1061 573 1281 629 valoris
1327 573 1495 647 longe
1557 567 1879 635 inferioris,

516 659 574 711 et
595 655 941 727 pertinentis
962 652 1034 711 ad
1058 654 1325 711 ordinem
1348 670 1508 713 mere
1529 652 1881 716 naturalem;

515 734 823 808 siquidem,
856 740 919 791 ut
967 735 1331 809 supponitur,
1381 751 1555 794 omne
1593 732 1883 790 auxilium

515 818 958 892 supernaturale
980 817 1305 891 praecedunt
1330 839 1344 875 ε
1375 834 1511 893 ergo
1530 816 1734 893 gratia,
1759 829 1885 887 quae

518 899 726 958 ordine
744 898 1070 957 durationis
1091 904 1175 956 est
1215 899 1426 973 prima,
1460 915 1579 958 non
1623 896 1773 955 cadit
1814 895 1886 953 de

518 983 665 1039 sacto
690 981 796 1038 sub
824 981 1035 1038 merito
1060 981 1130 1038 de
1164 980 1448 1056 condigno
1485 993 1726 1053 operum
1754 992 1883 1034 eam

519 1062 983 1136 praecedentium.
1005 1061 1165 1127 Quod
1183 1063 1468 1119 motivum
1486 1059 1704 1133 pariter
1722 1057 1885 1116 evin-

518 1143 596 1200 cit
644 1141 888 1201 eandem
939 1144 1243 1200 veritatem
1298 1158 1401 1217 per
1453 1145 1771 1214 respectum
1812 1136 1883 1195 ad

520 1224 837 1298 potentiam
873 1224 973 1281 Dei
1015 1224 1334 1281 absolutam
1353 1246 1369 1291 ;
1398 1221 1659 1295 implicat
1696 1219 1879 1287 enim,

519 1311 576 1362 et
594 1303 745 1379 quod
769 1320 913 1378 opus
938 1319 1056 1362 non
1083 1303 1387 1377 adaequans
1417 1304 1482 1359 in
1510 1303 1707 1360 valore
1734 1314 1885 1373 prae-

521 1387 726 1453 mium,
747 1384 896 1442 illud
915 1385 986 1442 de
1005 1384 1290 1459 condigno
1311 1390 1602 1442 mereatur
1621 1406 1638 1451 3
1664 1389 1720 1441 et
1734 1380 1885 1455 quod

518 1485 660 1543 opus
685 1468 968 1535 naturale,
999 1469 1166 1542 quale
1195 1467 1430 1539 praecise
1456 1471 1560 1534 est,
1580 1465 1729 1539 quod
1755 1480 1885 1523 om-

519 1565 655 1607 nem
711 1549 961 1623 gratiam
1016 1549 1521 1621 supernaturalem
1594 1545 1881 1620 praecedit,

520 1630 772 1705 adaequet
799 1631 1053 1688 valorem
1083 1630 1367 1705 praedictae
1407 1630 1630 1705 gratiae,
1657 1634 1721 1685 ut
1746 1627 1886 1684 satis

522 1714 700 1786 liquet
724 1719 848 1770 tum
868 1728 940 1769 ex
966 1712 1258 1780 terminis,
1282 1717 1407 1767 tum
1429 1726 1499 1768 ex
1522 1726 1701 1784 supra
1722 1707 1889 1765 dictis

520 1795 659 1867 disp.
686 1794 736 1860 3,
760 1793 888 1849 dub.
921 1795 969 1850 l.
1002 1797 1185 1850 Immo
1212 1791 1485 1867 praedicta
1513 1791 1661 1849 ratio
1688 1788 1888 1847 exclu-

520 1874 607 1931 dit
625 1875 803 1931 etiam
823 1874 1101 1931 meritum
1122 1873 1193 1929 de
1219 1888 1473 1947 congruo
1501 1870 1735 1945 proprie
1761 1868 1888 1925 dic-

520 1961 664 2022 tum,
687 1953 963 2027 quoniam
1010 1954 1146 2010 licet
1196 1953 1474 2011 meritum
1522 1950 1593 2008 de
1635 1962 1888 2024 congruo

525 2036 758 2110 proprie
782 2034 1000 2092 dictum
1022 2052 1141 2092 non
1165 2032 1421 2108 adaequet
1440 2032 1700 2088 valorem
1732 2047 1887 2104 prae-

521 2117 648 2185 mii,
702 2114 870 2175 debet
921 2122 1117 2174 tamen
1179 2131 1303 2173 esse
1351 2112 1609 2188 ejusdem
1661 2110 1888 2170 ordinis

520 2216 649 2257 cum
676 2200 798 2266 illo,
830 2203 887 2258 et
913 2197 1149 2255 fundari
1177 2200 1243 2253 in
1271 2195 1530 2253 amicitia
1565 2195 1721 2251 inter
1759 2209 1888 2252 me-

524 2285 766 2350 rentem,
792 2286 849 2338 et
875 2280 1294 2354 praemiantem,
1326 2283 1389 2332 ut
1426 2293 1601 2349 supra
1639 2276 1889 2334 declara-

523 2366 716 2420 vimus
753 2364 895 2437 disp.
927 2365 980 2432 2,
1009 2364 1174 2420 dubio
1222 2365 1385 2419 unico
1406 2380 1426 2429 ,·
1451 2377 1625 2434 opera
1670 2365 1883 2427 autem,

523 2461 650 2519 quae
669 2461 903 2503 omnem
924 2447 1174 2521 gratiam
1202 2444 1705 2517 supernaturalem
1735 2447 1891 2498 ante·

522 2525 749 2593 cedunt,
778 2532 1067 2600 nequeunt
1087 2542 1211 2584 esse
1231 2526 1487 2600 ejusdem
1511 2523 1736 2582 ordinis
1756 2539 1886 2579 cum

523 2609 646 2677 illa,
682 2614 744 2664 ut
770 2624 843 2665 ex
867 2609 1138 2666 terminis
1164 2609 1343 2683 liquet
1366 2633 1381 2675 ;
1404 2624 1508 2665 nec
1534 2605 1770 2663 fundari
1793 2619 1890 2661 va-

521 2691 642 2748 lent
669 2691 733 2746 in
760 2691 1017 2748 amicitia
1045 2691 1301 2747 hominis
1346 2706 1477 2746 cum
1506 2692 1619 2745 Deo
1647 2687 1889 2744 authore

500 2773 972 2843 supernaturali,
1004 2789 1037 2829 a
1063 2788 1175 2845 quo
1201 2773 1387 2847 gratia
1427 2768 1889 2844 supernaturalis

523 2851 818 2910 descendit
846 2874 860 2911 ε
891 2868 1027 2929 ergo
1049 2857 1341 2928 nequeunt
1362 2852 1614 2927 primam
1636 2849 1887 2928 gratiam

300 3000 306 3007 ,
524 2936 849 3008 promereri
925 2936 1135 2992 merito
1197 2934 1268 2991 de
1337 2948 1587 3008 congruo
1654 2930 1887 3006 proprie

331 3030 492 3090 canen.
522 3022 769 3090 sumpt0.
795 3015 968 3090 quue
990 3016 1060 3074 ad
1075 3017 1271 3073 minus
1290 3016 1542 3073 intendit
1562 3014 1887 3073 Concilium

318 3080 955 3158 T‘¹‘¹⁰”²·Tridentimum
994 3117 1122 3156 sess.
1165 3102 1224 3167 6,
1253 3118 1375 3174 cap.
1407 3102 1461 3166 5,
1491 3097 1588 3155 ubi
1616 3098 1697 3155 ait
1730 3118 1744 3153 z
1774 3100 1889 3154 De-

527 3203 553 3234 «
584 3183 762 3239 clarat
783 3185 1058 3254 praeterea
1079 3182 1259 3255 ipsius
1276 3179 1701 3256 justificationis
1727 3193 1889 3236 exors·

528 3286 553 3316 α
584 3263 746 3319 dium
802 3264 865 3321 in
929 3263 1142 3321 adultis
1187 3280 1219 3320 a
1271 3263 1371 3321 Dei
1427 3278 1529 3335 per
1593 3260 1888 3317 Christum

524 3365 550 3395 α
580 3346 776 3402 Jesum
838 3345 1227 3418 praeveniente
1289 3344 1476 3419 gratia
1535 3341 1887 3400 sumendum

526 3448 551 3478 «
580 3442 722 3494 esse,
751 3427 857 3485 hoc
893 3432 979 3485 est
1020 3427 1090 3483 ab
1116 3429 1238 3500 ejus
1266 3425 1583 3492 vocatione,
1616 3441 1728 3499 qua
1757 3425 1888 3480 nul-

527 3529 553 3560 α
584 3508 657 3564 lis
677 3524 878 3565 eorum
906 3508 1286 3566 existentibus
1312 3507 1539 3563 meritis
1566 3507 1883 3571 vocatione,

526 3611 551 3642 α
581 3593 689 3646 etc.
720 3611 747 3642 »
781 3593 871 3647 An
910 3606 1049 3648 vero
1099 3591 1289 3663 prima
1346 3588 1534 3663 gratia
1592 3589 1889 3645 auxilians

521 3671 699 3744 possit
737 3672 939 3730 cadere
963 3673 1070 3730 sub
1098 3673 1325 3735 merito,
1359 3672 1451 3729 vel
1479 3671 1549 3728 de
1578 3670 1882 3746 condign0‚

519 3753 612 3809 vel
633 3752 705 3810 de
730 3769 981 3839 congruo
1008 3770 1250 3826 operum
1278 3751 1348 3809 ad
1376 3768 1503 3808 eam
1531 3751 1888 3825 subsequen-

431 3903 435 3907 ,
520 3834 687 3902 tium,
715 3834 923 3907 pendet
945 3850 1017 3892 ex
1043 3834 1331 3892 decisione
1360 3833 1697 3907 principalis
1732 3831 1888 3889 diffi-

523 3916 750 3972 cultatis
775 3916 945 3990 hujus
964 3915 1146 3978 dubii,
1177 3921 1234 3973 et
1280 3914 1439 3971 intra
1483 3932 1639 3972 num.
1666 3916 1757 3982 24,
1786 3929 1889 3987 per

526 3994 763 4052 modum
791 3996 1085 4054 corollarii
1107 3995 1473 4052 inferemus.'

350 4097 490 4157 Prima
601 4087 656 4143 3.
715 4088 1163 4159 Supponendum
1216 4090 1302 4142 est
1346 4085 1598 4147 secundo,
1633 4084 1889 4157 primam

318 4153 501 4241 8ξῇξῇ
524 4169 772 4241 gratiam
800 4164 1152 4223 habitualem
1176 4183 1293 4223 non
1315 4165 1516 4223 cadere
1533 4164 1603 4221 de
1624 4166 1769 4223 facto
1781 4165 1891 4222 sub

314 4256 414 4291 ωδ
431 4257 514 4305 ῃοῠ
528 4248 735 4305 merito
757 4247 826 4304 de
846 4247 1128 4321 condigno
1150 4263 1410 4320 operum,
1437 4264 1561 4320 quae
1582 4261 1709 4302 eam
1734 4252 1890 4304 ante-

314 4297 501 4391 sss‘ffie-
527 4329 750 4386 cedunt.
783 4331 917 4394 Quae
947 4329 1262 4400 suppositio
1295 4332 1381 4384 est
1415 4327 1588 4383 etiam
1617 4333 1770 4383 certa
1796 4342 1890 4383 se-

341 4395 495 4490 2223?
527 4409 780 4467 cundum
811 4408 1018 4475 fidem;
1051 4425 1188 4465 nam
1210 4409 1513 4481 Apostolus
1540 4408 1615 4463 ad
1641 4408 1797 4467 Rom.
1830 4409 1885 4474 3,

317 4504 399 4548 81¹0
417 4491 716 4564 ope-inquit
747 4511 759 4545 ε
783 4489 1084 4561 Justificati
1115 4491 1293 4559 ,qv-atis
1310 4507 1413 4561 per
1428 4491 1675 4559 ¹qratiam
1696 4491 1892 4561 ipsius;

334 4554 490 4648 ρῖἕὲἑ.
527 4572 675 4646 quod
708 4572 916 4629 falsum
944 4578 1110 4639 esset,
1159 4573 1208 4627 si
1238 4572 1429 4643 prima
1466 4572 1654 4646 gratia
1674 4569 1892 4646 justifi-

347 4643 467 4737 ,flfissj
529 4672 664 4713 cans
691 4659 835 4713 esset
864 4655 1170 4727 praemium
1198 4653 1455 4711 debitum
1485 4653 1754 4728 operibus
1781 4669 1892 4710 an-

340 4743 449 4836 12}ss
531 4736 935 4804 tecedentibuS,
956 4742 1230 4810 tanquam
1252 4738 1480 4794 meritis
1496 4735 1888 4810 de-condign03

341 4851 416 4934 up
440 4823 480 4885 ἐ.
530 4828 666 4916 tunc
693 4821 902 4915 quippe
930 4835 1053 4914 non
1074 4819 1436 4912 conferretur
1469 4817 1663 4894 gratiS,
1693 4816 1795 4875 sed
1820 4832 1893 4875 ex

333 4890 433 4993 ¹ng
460 4902 500 4982 ἓξ
526 4907 769 4978 justitia,
805 4908 866 4958 ut
893 4907 1083 4977 arguit
1122 4900 1275 4959 idem
1303 4905 1498 4974 Apost.
1546 4916 1670 4972 cap.
1692 4901 1748 4965 4,
1797 4913 1893 4956 se-

532 4986 730 5059 quenti
757 5007 770 5042 :
796 4985 875 5043 Ei
896 4988 991 5061 qui
1011 4991 1287 5060 operatur,
1319 5001 1518 5040 merces
1558 5000 1666 5039 non
1705 4984 1893 5056 impu-

2016 572 2173 622 tatur
2191 566 2486 621 sectmdum
2507 568 2772 639 qratiam,
2815 567 2909 622 sed
2945 566 3244 622 secundum
3285 565 3377 619 de-

2017 649 2210 706 bitum.
2243 651 2314 705 Et
2334 650 2398 706 in
2426 649 2532 707 hoc
2551 665 2719 707 sensu
2740 650 3107 722 explicarunt
3133 649 3383 705 Paulum

2018 734 2218 789 Patres
2244 732 2487 790 Concilii
2515 731 2772 790 Trident.
2801 735 2993 798 sess-B,
3038 750 3160 806 cap.
3189 734 3249 798 8,
3281 733 3382 789 ubi
3414 747 3532 805 casta

2018 812 2263 871 dicitur:
2298 836 2323 867 α
2356 816 2498 871 Cum
2526 830 2664 872 vero
2691 816 2993 888 Apostolus
3020 814 3177 881 dicit,
3201 815 3386 888 justi·
3403 799 3540 841 ²¹³⁶&

2022 915 2048 949 ι
2080 894 2242 952 ficari
2277 895 2576 952 hominem
2606 912 2707 969 per
2753 896 2947 964 fidem,
2989 903 3046 953 et
3069 897 3274 972 gratis,
3319 912 3389 952 ea

2025 1001 2050 1032 α
2082 977 2260 1035 verba
2281 978 2345 1034 in
2365 994 2434 1036 eo
2447 994 2617 1036 sensu
2642 979 3016 1054 intelligenda
3027 985 3182 1045 sunt,
3207 995 3387 1052 quem

2022 1081 2048 1113 α
2082 1066 2389 1133 perpetuus
2435 1061 2696 1117 Ecclesiae
2733 1061 3035 1118 Catholicae
3073 1075 3394 1118 consensus

2024 1163 2050 1196 α
2082 1143 2287 1211 tenuit,
2317 1148 2373 1199 et
2399 1144 2696 1216 expressit,
2729 1150 2791 1198 ut
2819 1144 3035 1201 scilicet
3076 1159 3178 1216 per
3203 1142 3389 1202 fidem

2024 1223 2211 1281 «ideo
2247 1223 2551 1301 justificari
2593 1223 2873 1290 dicamur,
2924 1226 3061 1298 quia
3106 1223 3251 1281 fides
3305 1232 3394 1283 est

2025 1327 2050 1359 α
2081 1305 2352 1362 humanae
2391 1306 2594 1362 salutis
2621 1305 2876 1370 initium,
2909 1305 3386 1371 fundamentum,

2026 1409 2051 1441 α
2080 1393 2135 1444 et
2164 1385 2331 1445 radix
2377 1389 2568 1445 omnis
2609 1387 3052 1463 justificationis,
3101 1388 3234 1445 sine
3279 1404 3394 1462 qua

2025 1491 2050 1523 κ
2082 1469 2441 1543 impossibile
2452 1475 2539 1527 est
2559 1472 2780 1544 placere
2801 1474 2933 1538 Dec,
2953 1477 3011 1527 et
3026 1470 3096 1526 ad
3121 1470 3391 1528 filiorum

2025 1571 2050 1604 α
2081 1552 2204 1626 ejus
2230 1552 2586 1610 consortium
2615 1552 2940 1625 pervenire.
2972 1552 3165 1608 Gratis
3187 1559 3391 1610 autem

2024 1653 2050 1685 α
2079 1631 2384 1708 justificari
2401 1632 2529 1689 ideo
2549 1632 2815 1701 dicimur,
2832 1634 2967 1705 quia
2983 1632 3135 1687 nihil
3154 1649 3390 1698 eorum,

2025 1733 2050 1765 ι
2082 1712 2685 1787 quaejustificationem
2710 1711 3051 1786 praecedunt,
3075 1713 3198 1770 sive
3221 1713 3387 1777 fides,

2025 1815 2050 1847 α
2081 1795 2206 1852 sive
2232 1809 2425 1868 opera,
2468 1795 2653 1868 ipsam
2678 1793 3106 1869 iustificationis
3133 1792 3391 1868 gratiam

2024 1897 2049 1929 κ
2084 1880 2486 1949 promeretur;
2518 1876 2776 1949 alioquin
2821 1881 2878 1931 ut
2905 1876 3059 1931 idem
3082 1877 3394 1948 Apostolus

2026 1977 2052 2009 α
2082 1956 2288 2027 inquit,
2345 1956 2532 2030 gratia
2576 1955 2699 2029 jam
2742 1972 2860 2012 non
2906 1960 3052 2012 esset
3089 1955 3306 2029 gratia.
3359 1976 3384 2005 n

2021 2037 2185 2093 Ratio
2205 2037 2383 2095 etiam
2413 2040 2478 2091 D.
2503 2036 2705 2093 Thom.
2753 2037 2816 2092 in
2865 2037 3150 2109 praesenti,
3181 2043 3297 2093 art.
3330 2039 3384 2101 5,
3419 2042 3530 2084 um

2019 2115 2175 2173 idem
2226 2116 2525 2174 efficaciter
2591 2117 2882 2174 convincit
2909 2139 2920 2173 ε
2969 2118 3249 2190 quoniam
3315 2118 3386 2174 ad

2021 2200 2296 2256 meritum
2324 2198 2394 2254 de
2414 2196 2696 2273 condigno
2740 2200 3056 2271 requiritur
3084 2201 3391 2273 aequalitas

1995 2280 2000 2286 ’
2021 2280 2239 2337 valoris
2264 2296 2394 2336 cum
2419 2280 2674 2352 praemiO,
2700 2284 2755 2337 et
2774 2284 2954 2336 status
2975 2280 3232 2354 justitiae,
3266 2282 3393 2339 sive

2022 2360 2292 2417 amicitiae
2318 2376 2446 2416 cum
2477 2362 2607 2425 Deo,
2642 2366 2702 2416 ut
2727 2361 2866 2417 satis
2893 2360 3070 2434 liquet
3096 2376 3170 2417 ex
3211 2378 3393 2436 supra

2021 2442 2186 2500 dictis
2212 2443 2357 2517 disp.
2386 2443 2441 2507 3,
2467 2442 2594 2499 dub.
2636 2445 2683 2508 l;
2708 2457 2886 2515 opera
2916 2449 3128 2511 autem,
3160 2460 3296 2517 quae
3321 2444 3391 2500 de

2022 2524 2169 2582 facto
2191 2522 2517 2598 praecedunt
2550 2521 3038 2597 justificationem,
3089 2541 3210 2582 non
3234 2524 3392 2582 adae-

2022 2612 2200 2680 quant
2237 2622 2309 2665 ex
2352 2622 2468 2663 una
2515 2612 2675 2679 parte
2720 2607 2978 2664 valorem
3003 2607 3227 2682 gratiae,
3259 2625 3388 2664 cum

2023 2689 2140 2746 haec
2159 2690 2390 2748 excedat
2416 2689 2734 2763 quamlibet
2759 2690 3154 2761 operationem
3182 2708 3386 2765 super-

2023 2773 2370 2840 naturalem,
2402 2778 2466 2828 ut
2485 2770 2842 2830 ostendimus
2867 2773 2978 2827 loco
3003 2774 3096 2829 cit.
3127 2790 3203 2828 ea:
3223 2781 3379 2830 tract.

2030 2854 2114 2920 14,
2145 2853 2289 2928 disp.
2315 2854 2370 2921 4,
2395 2853 2522 2910 dub.
2548 2855 2603 2909 7.
2630 2856 2687 2910 et
2725 2867 2798 2909 ex
2836 2851 2952 2907 alia
3000 2857 3162 2923 parte
3192 2851 3380 2920 home,

2022 2943 2331 3010 antequam
2388 2934 2591 2991 habeat
2648 2935 2894 3008 gratiam
2954 2933 3382 3010 justificantem,

2022 3034 2141 3077 non
2160 3023 2247 3076 est
2268 3018 2476 3092 justus,
2512 3021 2571 3073 et
2592 3016 2692 3073 Dei
2720 3016 2952 3083 amicus,
2977 3014 3077 3074 sed
3103 3016 3304 3073 existit
3321 3016 3386 3073 de

2021 3098 2168 3156 facto
2203 3099 2266 3154 in
2307 3103 2456 3156 statu
2509 3096 2755 3171 peccati:
2804 3112 2941 3170 ergo
2987 3097 3220 3152 nullum
3250 3112 3387 3169 opus

2019 3181 2268 3254 gratiam
2312 3181 2719 3256 justificantem
2761 3179 3083 3252 praecedens
3128 3187 3384 3237 meretur

2020 3262 2187 3319 illam
2210 3264 2418 3321 merito
2442 3262 2514 3320 de
2540 3259 2840 3334 condigne.

2093 3353 2149 3408 4.
2194 3353 2264 3408 Et
2289 3368 2419 3408 cum
2447 3350 2646 3408 eadem
2669 3348 3014 3406 certitudine
3051 3364 3381 3422 supponen-
3405 3367 3522 3420 §aaa

2020 3432 2160 3489 dum
2200 3438 2282 3491 est
2323 3435 2499 3500 tertia,
2532 3431 2683 3507 quod
2708 3431 2975 3505 praedicta
2999 3433 3187 3505 gratia
3218 3431 3381 3489 habi·
3393 3412 3532 3508 {gn}

2019 3514 2194 3580 tualis
2240 3529 2358 3572 non
2404 3513 2554 3569 cadit
2601 3512 2673 3569 de
2723 3512 2870 3569 facto
2913 3511 3019 3567 sub
3062 3513 3278 3569 merito
3314 3511 3382 3569 de
3415 3513 3520 3555 wi*

2018 3595 2304 3671 condigno
2341 3612 2584 3671 operum
2624 3593 3094 3668 subsequentium
3122 3593 3193 3650 ad
3211 3595 3381 3669 Justi·
3408 3563 3525 3662 ξδ’

2019 3677 2366 3737 ficationem.
2401 3677 2686 3742 Quoniam
2732 3675 3002 3750 praedicta
3039 3676 3232 3748 gratia
3274 3677 3382 3732 tri-
3404 3668 3526 3754 Ἓξ

2021 3758 2218 3815 buitur
2234 3757 2304 3815 de
2324 3757 2470 3815 sacto
2497 3757 2739 3814 omnino
2764 3757 2959 3831 gratis,
2985 3757 3189 3812 saltem
3213 3761 3382 3828 prout
3415 3769 3510 3854 ᾗ

2021 3841 2081 3915 ly
2102 3842 2283 3911 gratis
2308 3838 2561 3896 excludit
2592 3835 2848 3894 debitum
2871 3837 3126 3911 justitiae,
3156 3842 3217 3893 et
3258 3852 3381 3893 me—

2023 3924 2200 3979 ritum
2229 3921 2300 3979 de
2325 3919 2626 3994 condign0,
2660 3926 2721 3976 ut
2761 3925 2976 3978 constat
3014 3935 3084 3977 ex
3118 3918 3383 3990 proxime

2019 4004 2220 4062 dictis:
2271 4000 2421 4076 quod
2462 3999 2752 4058 verificari
2798 4017 2916 4058 non
2963 4006 3166 4074 posset,
3216 4002 3270 4057 si
3316 4000 3384 4058 de

2021 4086 2168 4143 sacto
2196 4083 2547 4142 tribueretur
2566 4088 2839 4155 tanquam
2870 4081 3174 4157 praemium
3218 4081 3376 4140 debi-

2020 4174 2143 4225 tum
2168 4165 2438 4241 operibus
2474 4165 2952 4238 subsequentibus
2977 4166 3136 4221 velut
3157 4164 3388 4221 meritis

2021 4251 2091 4308 de
2116 4249 2419 4323 condigno.
2451 4248 2680 4306 Accedit
2706 4249 2903 4313 etiam,
2928 4247 3077 4320 quod
3109 4247 3388 4303 meritum

2023 4330 2163 4404 petit
2188 4330 2642 4388 connaturaliter
2673 4329 2987 4402 praecedere
3014 4326 3221 4385 ordine
3250 4343 3391 4386 exe-

2022 4412 2319 4487 quutionis
2369 4412 2709 4485 praemium:
2772 4411 2943 4468 habet
2997 4411 3209 4484 quippe
3275 4410 3390 4468 sibi

2024 4493 2370 4551 naturaliter
2416 4492 2744 4566 adjunctam
2771 4508 2950 4566 spem,
2980 4508 3108 4565 quae
3156 4493 3390 4565 respicit

2024 4574 2351 4649 praemium,
2380 4589 2497 4631 non
2525 4578 2588 4629 ut
2615 4589 2955 4646 possessum,
2987 4572 3086 4630 sed
3117 4578 3175 4628 ut
3200 4573 3389 4645 possi-

2023 4654 2314 4714 dendum:
2359 4657 2505 4711 Deus
2552 4661 2743 4713 autem
2787 4653 2859 4710 de
2904 4654 3050 4711 facto
3095 4652 3389 4727 dispensat

2024 4739 2264 4814 praemia
2285 4737 2306 4812 j
2316 4743 2451 4794 uxta
2476 4754 2699 4803 eorum,
2731 4742 2787 4794 et
2809 4736 3003 4793 meriti
3023 4740 3385 4794 connatura-

2024 4820 2141 4878 lem
2167 4819 2544 4894 exigentiam,
2578 4819 2693 4875 nisi
2721 4817 3043 4890 oppositum
3072 4821 3289 4874 constet
3314 4833 3387 4875 ex

2024 4900 2338 4974 Scriptura,
2364 4900 2460 4956 vel
2480 4901 2719 4954 Patrum
2742 4897 3086 4953 authoritate
3108 4920 3123 4963 ς
3150 4896 3303 4969 quod
3324 4895 3388 4952 in

2026 4982 2299 5057 praesenti
2324 4998 2443 5040 non
2466 4979 2699 5038 accidet.
2730 4979 2893 5036 Unde
2913 4980 3153 5036 omnino
3179 4984 3388 5037 tenen-

3246 5060 3382 5116 dum
