3647 5753
551 436 665 494 740
685 470 693 478 ’
1502 439 1594 493 ΟΕ
1634 439 1708 494 IN
1713 440 1958 494 FLUXU
1999 440 2453 498 CHARITATIS.

554 607 771 674 nitatiS,
805 608 928 682 ipsa
956 607 1141 683 magis
1183 625 1246 667 se
1290 610 1536 683 explicat
1582 615 1643 667 ut
1691 611 1916 668 ratione

552 689 773 757 formae,
807 692 1104 766 magisque
1130 693 1350 749 evolvit
1399 694 1524 750 vim
1562 692 1916 767 dignificati-

552 786 708 837 vam,
732 788 906 845 quam
929 778 1062 832 ante
1088 775 1261 832 talem
1283 774 1724 848 applicationem
1745 774 1916 833 habe·

550 852 649 910 bat
692 854 758 910 in
802 871 863 913 se
905 856 1252 924 involutam,
1302 862 1358 913 et
1405 857 1782 930 implicatam,
1814 873 1913 915 seu

551 938 774 994 nonita
800 939 1147 1012 applicatam
1192 937 1264 995 ad
1310 941 1530 998 actuale
1569 941 1915 998 exercitium

549 1016 933 1087 informandi,
978 1024 1035 1077 et
1078 1019 1454 1094 dignificandi
1514 1026 1691 1078 totam
1747 1022 1915 1079 illam

550 1096 866 1155 bonitatem
912 1101 1216 1169 moralem,
1248 1117 1424 1174 quam
1454 1106 1645 1175 postea
1673 1101 1917 1177 dignifi-

545 1184 656 1249 cat,
688 1185 745 1237 et
791 1181 1087 1240 informat.
1121 1186 1235 1240 Nec
1260 1182 1589 1257 hujusmodi
1630 1201 1915 1260 augmen-

543 1270 673 1320 tum
701 1262 952 1321 virtuale
983 1270 1069 1321 est
1094 1265 1176 1322 ita
1221 1265 1513 1321 intellectu
1550 1265 1803 1334 difficile,
1849 1270 1917 1322 ut

545 1343 829 1416 exemplis
854 1349 1069 1412 careat;
1099 1345 1149 1400 si
1175 1346 1334 1403 enim
1361 1345 1562 1403 eadem
1586 1346 1788 1404 anima
1814 1364 1914 1405 ra-

492 1424 497 1429 ’
549 1424 786 1483 tionalis
817 1442 944 1500 quae
976 1426 1114 1482 dum
1161 1430 1245 1483 est
1290 1427 1354 1483 in
1404 1444 1598 1501 puero,
1632 1428 1916 1487 informat

333 3638 518 3692 Replice.

547 1504 840 1563 minorem
863 1507 1191 1573 materiam,
1217 1514 1519 1580 causatque
1541 1508 1784 1581 proinde
1806 1510 1914 1567 mi-

548 1602 751 1644 norem
795 1587 1288 1655 informationem,
1321 1589 1722 1664 minoremque
1745 1591 1917 1650 effec-

544 1674 672 1725 tum
703 1670 1027 1738 formalem,
1054 1674 1236 1743 potest
1257 1671 1468 1745 absque
1495 1672 1787 1731 additione
1809 1674 1915 1731 ali-

542 1766 659 1823 qua
687 1750 919 1807 formali
942 1765 1014 1807 ex
1045 1755 1204 1823 parte
1230 1753 1320 1808 sui
1351 1752 1675 1810 informare
1695 1753 1759 1809 in
1781 1754 1911 1811 viro

551 1832 746 1904 plures
777 1837 965 1905 partes
986 1834 1267 1899 materias,
1298 1849 1640 1907 causareque
1667 1835 1915 1892 subinde

551 1910 832 1985 majorem
854 1913 977 1986 ejus
1010 1912 1508 1980 informationem,
1540 1914 1914 1988 effectumque

549 1993 856 2050 formalem
905 1995 1184 2068 majorem
1229 2010 1302 2050 ex
1341 1995 1445 2051 hoc
1482 1996 1735 2067 praecise,
1761 1997 1911 2071 quod

547 2076 670 2131 vim
724 2091 889 2132 suam
937 2075 1374 2133 informativam
1416 2075 1599 2150 magis
1642 2079 1905 2151 explicet,

547 2158 842 2232 magisque
870 2156 1036 2213 illam
1079 2156 1309 2214 reducat
1348 2156 1417 2215 ad
1446 2160 1784 2217 exercitium
1814 2161 1911 2216 in-

543 2236 859 2303 formandi,
911 2253 1013 2293 cur
1059 2254 1195 2305 non,
1249 2239 1620 2313 proportione
1657 2247 1906 2309 servata,

545 2319 819 2377 formulla
874 2319 992 2383 illa,
1043 2325 1099 2375 et
1142 2319 1347 2376 modus
1390 2320 1706 2388 charitatiS,
1737 2339 1909 2396 quem

544 2400 808 2469 dicimu5‚
843 2401 901 2456 id
956 2401 1147 2473 ipsum
1202 2402 1480 2459 habebit?
1521 2404 1806 2462 Similiter
1858 2406 1910 2462 si

540 2481 743 2539 eadem
774 2482 1083 2554 quantitaS,
1129 2499 1257 2555 quae
1299 2490 1432 2542 ante
1466 2485 1908 2544 rarefactionem

542 2561 811 2618 causabat
855 2562 1146 2620 minorem
1189 2566 1553 2637 praesentiam
1581 2567 1818 2625 localem
1845 2569 1909 2626 in

540 2653 781 2714 corpore
806 2642 1003 2710 densO,
1057 2646 1238 2718 posita
1288 2646 1670 2705 rarefactione
1715 2655 1911 2707 causat

546 2724 912 2797 praesentiam
944 2727 1222 2799 majorem
1247 2727 1309 2783 in
1328 2745 1568 2801 corpore
1596 2746 1745 2797 rare,
1778 2747 1907 2787 cum

543 2812 743 2862 tamen
772 2822 888 2862 non
919 2808 1239 2874 rarefactio,
1271 2810 1365 2866 vel
1393 2810 1782 2879 condensatiO,
1809 2811 1909 2869 sed

543 2889 832 2962 quantitas
872 2890 944 2944 sit
972 2906 1136 2947 causa
1167 2891 1430 2947 formalis
1458 2892 1625 2949 istius
1653 2910 1909 2967 praesen-

545 2970 641 3027 tiae
665 2970 834 3043 ;quid
858 2971 1076 3027 mirum
1092 2972 1140 3028 si
1166 2972 1435 3039 formula,
1458 2978 1514 3031 et
1536 2976 1738 3032 modus
1754 2992 1909 3048 prae-

544 3052 728 3109 dictus
756 3052 853 3109 ubi
888 3053 1209 3126 applicatur
1239 3057 1625 3127 praestantiori
1655 3062 1827 3128 actui,
1853 3065 1910 3118 et

548 3136 757 3210 majori
806 3136 1049 3194 bonitati
1090 3138 1475 3214 conjungitur,
1510 3142 1692 3217 magis
1721 3159 1788 3200 ea
1813 3143 1909 3199 di-

544 3218 794 3293 gnificet,
825 3237 923 3277 seu
946 3225 1138 3278 causet
1165 3221 1229 3276 in
1256 3222 1378 3278 illis
1400 3224 1680 3297 majorem
1709 3225 1909 3301 digni-

545 3305 737 3368 tatem,
769 3307 826 3357 et
851 3303 1036 3377 majus
1064 3304 1375 3371 meritum;
1405 3322 1534 3361 cum
1565 3311 1762 3366 tamen
1788 3325 1907 3366 non

546 3385 670 3458 ipsa
692 3384 918 3443 bonitas
941 3387 1200 3453 moralis,
1233 3388 1324 3444 vel
1371 3391 1700 3461 praestantia
1728 3396 1902 3459 actus,

543 3466 643 3523 sed
697 3465 1001 3539 praedictus
1048 3467 1253 3525 modus
1304 3468 1380 3523 sit
1440 3472 1586 3528 ratio
1644 3471 1908 3531 formalis

546 3547 713 3604 istius
738 3546 1055 3623 dignitatiS,
1080 3555 1136 3606 et
1161 3548 1401 3606 meriti?

619 3630 711 3684 44.
758 3631 872 3685 Nec
907 3629 1084 3696 obest,
1134 3631 1182 3685 si
1227 3646 1458 3704 urgeas:
1489 3631 1637 3703 quod
1679 3635 1773 3690 vel
1799 3634 1908 3691 iste

545 3710 750 3769 modus
765 3711 1060 3767 charitatis
1075 3714 1331 3770 continet
1353 3729 1384 3769 a
1407 3712 1907 3788 principio,quan-

545 3793 618 3850 do
645 3799 801 3851 actus
826 3810 995 3866 quem
1024 3794 1323 3861 informat,
1350 3800 1432 3851 est
1461 3795 1657 3852 minus
1687 3798 1908 3870 perfec-

543 3879 654 3941 tu5‚
687 3879 862 3932 totam
887 3876 1051 3931 illam
1092 3875 1451 3950 dignitatem,
1484 3893 1654 3950 quam
1703 3878 1909 3936 tribuit

544 3955 905 4028 postmodum
928 3956 1115 4014 eidem
1138 3957 1285 4013 actui
1310 3963 1371 4013 ut
1393 3960 1796 4030 praestantiori,
1813 3962 1905 4018 vel

542 4053 660 4094 non
677 4040 704 4094 Ρ
724 4038 779 4093 8ί
805 4039 910 4094 hoc
928 4053 1056 4094 secu
1066 4037 1243 4094 ndum
1266 4038 1484 4096 dixeris
1508 4061 1520 4096 ε
1544 4056 1680 4116 ergo
1707 4042 1823 4097 nisi
1851 4041 1905 4098 ei

540 4120 728 4195 maj0r
752 4118 1003 4193 dignitas
1018 4120 1456 4193 superaddatur,
1486 4121 1750 4197 nequibit
1776 4140 1906 4181 ma-

540 4203 629 4277 gis
672 4204 826 4259 hunc
877 4207 1064 4259 actum
1109 4208 1299 4277 postea
1343 4203 1703 4278 dignificare,
1729 4222 1905 4279 quam

542 4284 912 4359 dignificabat
939 4285 1129 4357 prius;
1162 4302 1279 4342 non
1305 4285 1464 4343 enim
1492 4286 1544 4342 ei
1572 4286 1786 4344 tribuet
1810 4287 1907 4343 di-

541 4367 840 4442 gnitatem,
870 4382 1043 4438 quam
1074 4366 1276 4423 modus
1321 4367 1443 4439 ipse
1481 4383 1601 4424 non
1628 4370 1900 4436 continet,

540 4465 671 4506 cum
702 4448 900 4504 nullus
925 4447 1021 4504 det
1045 4447 1194 4520 quod
1234 4464 1350 4506 non
1397 4448 1586 4506 habet.
1636 4450 1903 4508 Primum

543 4545 681 4587 vero
701 4529 814 4586 dici
847 4530 1076 4602 nequit:
1108 4536 1229 4586 tum
1273 4530 1410 4601 quia
1450 4529 1639 4588 forma
1664 4531 1907 4607 dignifi-

535 4628 692 4681 cans,
718 4618 774 4669 et
797 4613 1120 4670 informans
1148 4614 1401 4688 aliquem
1432 4618 1641 4681 actum,
1669 4616 1906 4690 ejusque

537 4692 875 4761 honitatem,
906 4694 1074 4751 debet
1098 4709 1220 4752 esse
1248 4695 1686 4769 proportionata
1711 4696 1903 4754 eidem

538 4776 704 4843 actui,
752 4791 923 4849 quem
970 4775 1286 4850 dignificat,
1331 4781 1388 4835 et
1439 4776 1681 4835 bonitati
1730 4795 1906 4853 quam

538 4857 849 4914 informat:
908 4873 1043 4931 ergo
1086 4873 1188 4930 pro
1233 4863 1359 4915 actu
1400 4859 1805 4933 praestantiori,
1851 4862 1908 4916 et

537 4938 776 5013 majoris
798 4937 1072 4995 bonitatis
1090 4938 1452 4997 exhibendus
1472 4946 1557 4997 est
1579 4956 1612 4997 a
1627 4940 1906 4997 charitate

535 5020 770 5096 dignior
808 5021 1014 5079 modus
1052 5021 1398 5095 dignificans
1424 5023 1613 5093 illum,
1643 5028 1700 5081 et
1727 5038 1905 5096 prees-

537 5103 756 5159 tantior
785 5101 993 5159 forma.
1022 5105 1169 5160 Tum
1198 5105 1397 5172 etiam,
1441 5107 1578 5179 quia
1598 5106 1721 5180 jam
1749 5108 1906 5162 actus

2046 611 2245 671 minus
2284 612 2566 685 perfectus
2584 619 2733 672 esset
2753 614 2833 671 ita
2858 614 3073 689 dignus
3091 619 3151 671 et
3172 614 3420 672 merito-

2049 693 2191 759 rius,
2215 694 2362 751 sicut
2390 694 2714 767 perfectior,
2744 712 2877 752 cum
2904 695 3144 753 haberet
3168 694 3418 753 eandem

2046 773 2387 849 dignitatem
2432 775 2738 849 (loquendo
2784 776 2856 834 de
2902 777 3008 834 illa
3052 793 3180 850 quae
3219 782 3306 832 est
3341 791 3419 833 ex

2023 854 2343 929 charitate)
2368 873 2542 929 quam
2569 857 2743 915 habet
2768 857 3090 931 perfectior.
3132 859 3284 913 Tum
3311 855 3418 913 de·

2048 936 2241 1009 nique,
2283 940 2419 1010 quia
2463 939 2689 997 bonitas
2729 939 2969 996 moralis
3008 940 3417 1014 cujuscumque

2046 1022 2203 1075 actus
2224 1025 2405 1091 potest
2431 1020 2698 1094 amplius,
2727 1025 2786 1077 et
2823 1020 3076 1093 amplius
3123 1035 3303 1093 usque
3347 1017 3416 1075 in

2047 1097 2347 1158 infinitum
2425 1101 3048 1177 syncathegorematice
3109 1116 3367 1157 crescere
3397 1126 3413 1166 ;

2046 1194 2345 1253 nunquam
2365 1184 2527 1241 enim
2549 1187 2632 1240 tot
2644 1183 2759 1240 erit
2779 1182 3010 1240 affectus
3036 1183 3416 1239 circumstan-

2047 1259 2144 1316 tiis
2177 1276 2248 1318 ex
2274 1263 2367 1320 his
2386 1281 2510 1338 quae
2525 1269 2736 1339 augent
2756 1263 3074 1321 bonitatem
3099 1263 3409 1329 moralem,

2045 1342 2188 1414 quin
2205 1344 2418 1417 plures,
2440 1350 2498 1403 et
2514 1347 2707 1419 plures
2718 1345 2937 1418 possint
2957 1344 3048 1401 illi
3062 1343 3378 1418 superaddi
3397 1365 3412 1399 ε

2046 1422 2096 1478 si
2117 1428 2308 1481 autem
2333 1424 2634 1498 praedictus
2672 1424 2876 1483 modus
2903 1423 3142 1482 haberet
3180 1441 3214 1481 a
3242 1424 3417 1498 prin-

2005 1549 2018 1559 .
2047 1504 2195 1577 cipio
2245 1507 2522 1564 virtutem
2583 1506 2654 1566 ad
2710 1505 3165 1582 dignificandum
3231 1511 3414 1563 totam

2046 1585 2216 1644 istam
2243 1586 2576 1657 bonitatem,
2607 1589 2846 1646 haberet
2883 1587 3224 1662 dignitatem
3271 1586 3418 1643 infi-

2046 1667 2427 1742 nitam,.quod
2455 1671 2716 1744 implicat
2741 1691 2755 1725 :
2786 1684 2942 1744 erg0,
2974 1673 3079 1726 etc.

2119 1749 2508 1810 confirmatur
2533 1774 2547 1810 :
2579 1752 2683 1808 illa
2709 1750 2913 1819 forma,
2933 1767 3060 1823 quae
3083 1751 3210 1809 sine
3238 1750 3549 1807 addi-cufl-

2045 1832 2201 1890 tione
2239 1851 2313 1892 ex
2360 1841 2519 1907 parte
2557 1835 2647 1891 sui
2698 1840 2878 1907 potest
2905 1835 2968 1890 in
2998 1834 3303 1907 majorem,
3348 1842 3410 1891 et
3449 1813 3558 1850 ω’

2045 1915 2324 1989 maJ‘orem
2346 1916 2607 1973 effectum
2632 1931 2883 1972 crescere
2910 1915 3171 1989 usquein
3197 1914 3414 1971 infini-

2045 2000 2169 2053 tum
2182 1997 2820 2073 syncathegorematice,
2844 1995 3011 2053 debet
3030 2012 3152 2053 esse
3171 1996 3414 2069 simpli-

2044 2077 2185 2134 citer
2224 2078 2487 2141 infinita;
2535 2085 2683 2136 recte
2709 2079 2870 2135 enim
2897 2078 3224 2152 colligimus
3250 2077 3413 2135 divi-

2043 2175 2181 2217 nam
2221 2161 2719 2235 omnipotentiam·
2755 2176 2881 2219 esse
2925 2158 3219 2216 infinitam
3259 2160 3414 2216 sim—

2045 2243 2290 2317 pliciter,
2340 2245 2477 2316 quia
2521 2243 2651 2301 sine
2690 2242 2983 2300 additione
3019 2258 3091 2298 ex
3132 2246 3291 2314 parte
3314 2245 3413 2299 sui

2044 2330 2227 2398 potest
2271 2326 2656 2399 perfectiores,
2688 2329 2744 2382 et
2772 2325 3136 2398 perfectiores
3174 2323 3412 2381 effectus

2043 2407 2298 2480 usquein
2320 2406 2623 2464 infinitum
2648 2406 2977 2479 producere,
2998 2405 3265 2478 quamvis
3286 2421 3412 2462 non

2043 2488 2219 2560 possit
2245 2488 2497 2560 aliquem
2528 2487 2860 2562 producere,
2892 2487 2989 2561 qui
3018 2487 3094 2542 sit
3116 2486 3412 2559 simplici-

2042 2573 2128 2625 ter
2154 2568 2423 2625 infinitus
2452 2590 2466 2625 ε
2507 2585 2644 2644 ergo
2667 2570 2717 2625 si
2746 2568 2950 2627 modus
2978 2568 3080 2624 ille
3104 2567 3407 2624 charitatis

2041 2648 2252 2723 absque
2302 2649 2788 2721 superadditione,
2824 2650 2914 2706 vel
2967 2647 3291 2705 variatione
3329 2662 3407 2703 ex

2043 2737 2205 2803 parte
2248 2731 2340 2787 sui
2386 2737 2567 2804 potest
2612 2732 2954 2797 informare,
2984 2736 3041 2786 et
3065 2728 3408 2804 dignificare

2042 2812 2255 2884 plures,
2280 2815 2337 2868 et
2365 2812 2559 2885 plures
2595 2812 2809 2888 gradus
2836 2809 3109 2869 bonitatis
3137 2810 3402 2874 moralis,

2041 2893 2413 2967 conferreque
2454 2894 2696 2966 proinde
2740 2894 2910 2959 actui,
2945 2893 3008 2952 in
3048 2908 3159 2965 quo
3178 2897 3280 2957 est,
3309 2892 3408 2948 di-

2039 2977 2318 3051 gnitatem
2359 2978 2658 3050 majorem,
2688 2983 2744 3033 et
2785 2977 3064 3050 majorem
3108 2990 3288 3047 usque
3338 2975 3404 3031 in

2039 3057 2360 3126 infinitum,
2380 3058 2544 3116 debet
2565 3075 2685 3117 esse
2707 3060 2769 3115 in
2790 3059 3012 3115 ratione
3026 3054 3404 3130 dignificandi

2040 3137 2304 3196 infinitus
2318 3140 2677 3213 simpliciter,
2702 3156 2802 3197 seu
2815 3137 3025 3195 habere
3039 3136 3398 3211 dignitatem,

2039 3224 2097 3276 et
2122 3221 2380 3278 valorem
2407 3221 2751 3295 simpliciter
2779 3219 3102 3277 infinitum.

2113 3303 2207 3359 45.
2241 3304 2356 3360 Hoc
2394 3303 2569 3379 igitur
2611 3320 2728 3361 non
2780 3302 2967 3369 obest;
3010 3299 3276 3376 eligenda
3318 3307 3402 3358 est
3427 3326 3558 3385 ψ

2038 3384 2197 3441 enim
2219 3384 2742 3457 juxtasolutionem
2771 3383 2918 3442 hanc
2940 3383 3133 3457 prima
3155 3398 3289 3456 pars
3308 3377 3562 3438 ‹ii-ww*

2041 3464 2348 3521 lemmatis,
2394 3466 2463 3520 Et
2503 3466 2572 3522 ad
2619 3466 2874 3539 primam
2915 3463 3312 3537 probationem
3335 3464 3400 3520 in

2039 3547 2361 3619 oppositum
2411 3547 2807 3621 respondetur,
2849 3545 3167 3620 quemlibet
3211 3553 3395 3603 actum

2040 3626 2437 3701 procedentem
2468 3645 2501 3686 a
2544 3629 2841 3694 charitate,
2889 3644 3012 3684 esse
3054 3626 3399 3684 sufficienter

2040 3708 2536 3782 proportionatum
2561 3710 2622 3767 in
2653 3710 2875 3766 ratione
2915 3708 3117 3765 formae
3163 3707 3400 3781 dignifi-

2038 3790 2219 3845 cantis
2258 3806 2388 3847 cum
2431 3791 2814 3862 praestantiori
2864 3793 2987 3846 actu
3038 3790 3294 3857 virtutis,
3335 3789 3399 3845 in

2038 3887 2149 3944 quo
2176 3877 2279 3941 est,
2310 3878 2365 3930 et
2411 3889 2542 3930 cum
2589 3877 2707 3930 tota
2744 3872 2847 3928 illa
2875 3872 3129 3929 bonitate
3169 3873 3395 3937 morali,

2037 3968 2211 4024 quam
2237 3953 2543 4026 praedictus
2570 3958 2724 4010 actus
2752 3959 2933 4026 potest
2958 3953 3173 4011 habere
3197 3968 3269 4009 ex
3294 3969 3397 4010 suo

2036 4035 2270 4109 object0,
2295 4040 2352 4093 et
2398 4052 2468 4093 ex
2497 4035 2767 4094 omnibus
2789 4037 2909 4093 illis
2929 4036 3395 4100 circumstantiis,

2036 4132 2177 4189 quas
2202 4134 2356 4173 num.
2381 4118 2473 4182 39,
2499 4118 3107 4175 commemoravimus.
3138 4121 3287 4175 Nam
3313 4117 3402 4173 si-

2037 4203 2131 4256 cut
2156 4199 2405 4256 charitas
2434 4205 2632 4273 potens
2654 4204 2740 4256 est
2768 4199 3058 4272 imperare
3084 4198 3400 4274 quemlibet

2038 4285 2225 4338 actum
2255 4281 2493 4338 alterius
2519 4281 2773 4348 virtutiS,
2803 4287 2860 4338 et
2886 4281 3057 4340 modo
3078 4289 3267 4338 actum
3283 4280 3401 4336 mi-

2039 4357 2165 4421 nus
2207 4366 2540 4438 perfectum,
2589 4364 2758 4422 modo
2799 4365 3218 4438 perfectiorem,
3268 4380 3401 4421 om·—

2039 4460 2288 4518 nemque
2336 4445 2460 4519 ejus
2514 4445 2830 4522 bonitatem
2883 4444 2956 4502 ad
3005 4461 3177 4501 suum
3223 4443 3400 4500 finem

2039 4526 2290 4584 referre:
2324 4526 2402 4582 ita
2441 4527 2618 4583 etiam
2648 4525 2802 4583 idem
2844 4525 3147 4583 charitatis
3174 4524 3398 4588 modus,

2036 4623 2167 4664 cum
2195 4607 2270 4663 sit
2288 4606 2542 4680 ejusdem
2560 4608 2939 4680 participatio,
2960 4606 3074 4662 erit
3092 4605 3398 4671 sufficiens,

2037 4694 2094 4747 et
2120 4691 2585 4764 proportionatus
2626 4690 2697 4747 ad
2738 4689 3198 4756 informandum,
3222 4692 3279 4745 et
3303 4685 3403 4743 di-

2036 4771 2431 4847 gnificandum
2454 4772 2771 4846 quemlibet
2787 4772 3020 4828 virtutis
3047 4776 3234 4829 actum
3259 4770 3402 4841 (sal-

2038 4861 2155 4913 tem
2182 4855 2280 4913 ubi
2311 4862 2466 4914 actus
2494 4872 2612 4914 non
2638 4862 2725 4913 est
2752 4855 3056 4920 intensior,
3085 4872 3146 4912 ac
3169 4854 3402 4910 diutur-

2038 4937 2171 4996 nior
2216 4939 2340 5012 ipso
2391 4938 2581 5010 modo)
2631 4944 3090 5013 quantacumque
3151 4954 3224 4994 ex
3265 4935 3401 4993 aliis

2037 5020 2317 5092 capitibus
2364 5023 2575 5094 polleat
2628 5020 2905 5078 bonitate.
2961 5021 3042 5075 Eo
3088 5018 3396 5093 praecipue.

1999 5100 2184 5174 'quod
2213 5103 2528 5177 imperium
2577 5103 2888 5177 positivum
2934 5100 3232 5160 charitatis
3272 5105 3397 5154 tum

2953 5203 2958 5206 -
3048 5173 3400 5230 sufficienter
