3647 5753
1306 471 1485 528 DISP.
1529 471 1623 539 IV,
1666 473 1833 531 DUB.
1877 476 1971 533 111.

167 658 367 716 supra
388 640 689 715 praemissa
722 663 736 698 ε
767 658 908 700 nam
934 644 1123 718 gloria
1151 643 1442 718 adaequate
1469 661 1566 701 ac·-

174 731 352 799 cepta
377 726 774 798 complectitur
809 728 985 784 etiam
1009 728 1278 801 gratiam
1308 725 1566 784 sanctifi-

173 815 416 867 cantem
441 834 454 875 ;
480 816 535 866 et
556 810 621 865 in
643 809 748 867 hoc
768 826 939 868 sensu
966 809 1153 884 majus
1176 812 1399 867 malum
1420 813 1566 867 esset

177 908 390 951 carere
415 894 624 967 gloria,
651 909 826 966 quam
847 894 1055 967 gratia.
1089 897 1274 949 Immo
1296 909 1435 951 vero
1464 907 1567 949 nec

177 975 351 1031 valet
376 974 438 1029 in
466 974 572 1031 hoc
592 990 762 1031 sensu
789 973 1019 1031 admitti
1052 972 1317 1047 praedicta
1341 988 1568 1046 compa·

182 1055 364 1123 ratio,
397 1054 531 1127 quia
570 1054 758 1128 gloria
804 1055 888 1111 sic
925 1059 1157 1127 sumpta
1181 1054 1567 1112 essentialiter

179 1136 594 1208 complectitur
614 1136 884 1209 gratiam.
910 1136 969 1192 Si
996 1141 1186 1192 autem
1208 1136 1393 1209 gloria
1417 1133 1568 1191 acci-

185 1216 394 1289 piatur
421 1233 526 1289 pro
567 1218 790 1275 visione
830 1215 1111 1283 beatifica,
1146 1216 1397 1273 libenter
1436 1231 1568 1272 con·

182 1296 454 1354 cedimus
498 1298 649 1371 quod
685 1298 924 1374 objectio
963 1297 1274 1365 concludit,
1316 1301 1379 1352 ut
1406 1296 1565 1353 infra

186 1376 474 1435 dicemus.

67 1474 143 1509 se-
273 1451 362 1508 Ad
397 1453 704 1510 secundam
752 1453 1115 1511 concedimus
1156 1453 1447 1527 sequelam
1494 1451 1566 1508 ob

48 1514 162 1560 '⁸¹¹¹’
195 1534 490 1590 rationem
531 1535 624 1590 illi
664 1536 965 1602 insertam,
997 1551 1121 1607 quae
1162 1539 1311 1591 recte
1346 1532 1560 1608 probat.

192 1614 270 1669 Et
297 1613 368 1670 ad
390 1617 787 1688 consequentis
814 1614 1305 1689 improbationem
1334 1630 1568 1687 respon-

190 1694 421 1762 demus,
484 1696 829 1755 beneficium
883 1697 1209 1755 formaliter
1270 1700 1566 1768 sumptum

192 1778 383 1851 magis
411 1777 625 1834 attendi
653 1795 825 1852 penes
853 1795 1147 1836 excessum
1171 1794 1349 1850 supra
1370 1776 1568 1851 digni-

189 1864 373 1916 tatem
444 1860 794 1933 recipientiS,
850 1867 905 1917 et
974 1862 1098 1935 ejus
1159 1860 1562 1935 indigentiam,

186 1957 369 2013 quam
394 1957 567 2014 penes
589 1940 1055 2016 magnitudinem
1079 1941 1216 1999 doni
1240 1940 1568 1999 materiali—

186 2025 285 2077 ter
336 2021 567 2093 accepti,
626 2026 687 2076 ut
735 2022 1069 2093 exemplum
1135 2021 1198 2077 in
1252 2021 1569 2096 objectione

191 2101 445 2174 positum
503 2102 812 2159 convincit.
867 2102 1034 2159 Unde
1087 2118 1219 2158 cum
1265 2102 1453 2177 gratia
1491 2101 1567 2156 sit

191 2185 382 2258 magis
402 2201 577 2257 supra
597 2183 938 2259 dignitatem
967 2184 1158 2257 impii,
1177 2201 1351 2257 quam
1380 2183 1567 2259 gloria

188 2283 373 2339 supra
417 2266 755 2341 dignitatem
779 2267 918 2341 justi
948 2291 961 2333 3
1011 2272 1069 2324 et
1095 2282 1166 2323 ex
1205 2271 1369 2338 parte
1396 2264 1565 2338 impii

188 2347 376 2403 simul
416 2364 544 2403 cum
594 2348 852 2406 carentia
878 2347 1180 2421 dignitatis
1207 2351 1566 2419 supponatur

191 2443 430 2483 summa
476 2426 818 2501 indigentia,
868 2441 1221 2500 consequens
1262 2431 1366 2492 est,
1416 2423 1566 2499 quod

189 2509 388 2581 majus
416 2506 758 2564 beneficium
800 2509 878 2565 sit
916 2510 1097 2564 Deum
1140 2507 1406 2566 conferre
1430 2522 1567 2580 gra-

187 2593 342 2649 tiam
365 2592 566 2665 impio,
598 2608 766 2665 quam
796 2590 1052 2649 tribuere
1086 2592 1237 2666 justo
1277 2590 1563 2666 gloriam3

189 2690 260 2731 ac
311 2674 579 2740 subinde,
610 2673 760 2747 quod
810 2675 994 2749 magis
1045 2677 1306 2730 teneatur
1352 2672 1567 2745 impius

190 2755 540 2832 justificatus
563 2755 633 2813 ad
659 2755 876 2830 gratias
897 2755 1163 2831 agendas,
1189 2772 1361 2829 quam
1379 2755 1566 2828 justus

192 2838 505 2913 gloriosus,
557 2837 792 2894 Addunt
838 2837 1040 2911 aliqui,
1091 2836 1341 2910 impium
1383 2835 1567 2910 magis

193 2920 407 2985 teneri,
435 2937 551 2977 non
575 2927 769 2978 tamen
793 2919 863 2977 ad
886 2921 1136 2995 maiores
1156 2920 1373 2993 gratias
1393 2943 1407 2987 ;
1432 2919 1567 2992 quia

192 3002 535 3077 magnitudo
574 3001 944 3076 obligationis
973 3002 1206 3079 respicit
1234 3001 1566 3073 impropor-

193 3084 416 3140 tionem
465 3082 534 3139 ad
576 3081 795 3140 donum
850 3088 1172 3155 receptum3
1229 3079 1567 3155 magnitudo

192 3181 339 3231 vero
403 3167 726 3239 gratiarum
794 3165 1027 3238 respicit
1101 3163 1566 3238 magnitudinem

195 3246 358 3304 doni.
404 3245 509 3303 Sed
560 3247 756 3303 verius
801 3250 905 3313 est,
964 3244 1214 3317 impium
1270 3243 1455 3317 magis
1502 3242 1567 3298 in

195 3335 439 3401 utroque
466 3346 637 3387 sensu
678 3327 886 3394 teneri,
918 3327 1056 3401 quia
1097 3324 1299 3398 recipit
1346 3324 1566 3381 donum

197 3413 387 3486 majus
416 3411 478 3466 in
505 3411 728 3467 ratione
751 3407 1039 3466 beneficii.

49 3502 155 3545 uma
273 3495 369 3547 4⁵2.
398 3490 712 3547 Dicendum
734 3495 819 3546 est
840 3490 1068 3555 ultimo,
1097 3488 1566 3564 justificationem

48 3552 165 3645 ,¹5¹3ffu'
201 3572 369 3645 impii
392 3587 511 3628 esse
532 3587 674 3643 opus
700 3571 888 3643 majus
914 3570 1333 3644 glorificatione
1356 3569 1570 3627 inadae-

201 3662 371 3729 quate
417 3657 639 3726 accepta
688 3669 791 3726 pro
831 3654 1056 3711 visione
1103 3651 1398 3720 beatifica;
1448 3654 1570 3713 sive

204 3735 565 3794 attendamus
588 3733 1046 3810 magnitudinem
1071 3733 1370 3799 doni,sive
1390 3752 1569 3809 quan·

204 3818 423 3875 titatem
492 3816 895 3889 proportionis
968 3818 1127 3873 Hanc
1192 3815 1569 3874 assertionem

51 3907 169 3956 'rba
207 3916 324 3957 non
354 3899 625 3972 proponit
668 3914 936 3972 expresse
964 3899 1026 3954 D.
1061 3898 1267 3954 Thom.
1313 3896 1378 3954 in
1422 3915 1570 3972 prae-

204 3983 386 4049 senti;
417 3997 547 4038 eam
596 3986 793 4038 tamen
835 3982 975 4038 satis
1015 3987 1213 4054 aperte
1248 3979 1408 4039 docet
1435 3982 1570 4040 locis

203 4066 389 4122 citatis
416 4071 576 4121 tract.
598 4065 825 4137 proeced.
843 4065 1201 4139 dispAstub.
1220 4066 1275 4132 4,
1301 4073 1349 4120 et
1374 4065 1564 4132 dubff,

204 4148 355 4206 unde
383 4148 548 4203 illam
577 4152 772 4204 tenent
810 4149 1199 4206 communiter
1226 4147 1563 4215 Thomistae,

202 4235 259 4286 et
284 4229 387 4286 alii
418 4230 631 4302 plures,
661 4229 730 4283 Et
754 4228 1005 4302 quidem,
1053 4229 1203 4302 quod
1240 4226 1570 4303 justificatio

189 4310 371 4382 impii
398 4310 473 4364 sit
494 4326 637 4382 opus
667 4310 854 4384 majus
878 4311 1201 4383 quantitate
1243 4311 1570 4385 proportio-

206 4391 316 4457 niS,
360 4390 539 4462 liquet
565 4406 634 4447 ex
664 4391 928 4464 proxime
968 4389 1153 4450 dictis,
1186 4391 1347 4458 Quod
1378 4397 1570 4449 autem

205 4473 281 4529 sit
306 4487 447 4543 opus
489 4472 674 4545 majus
697 4470 971 4537 absolute,
1005 4471 1280 4544 probatur
1306 4489 1378 4530 ex
1403 4472 1570 4529 dictis

208 4556 327 4612 loco
373 4553 542 4610 citato
576 4573 588 4608 :
631 4552 906 4625 quoniam
948 4553 1096 4610 facta
1141 4554 1571 4628 comparatione

211 4637 361 4692 inter
383 4638 673 4699 naturam,
699 4638 755 4689 et
781 4634 1177 4707 operationem
1204 4634 1459 4708 ejusdem
1481 4653 1571 4693 or·

209 4717 380 4781 dinis,
414 4712 719 4788 perfectior
757 4720 844 4771 est
885 4720 1114 4781 natura,
1145 4731 1320 4787 quam
1364 4731 1572 4789 opera-

209 4799 289 4855 tio
331 4819 344 4854 :
389 4795 487 4853 sed
532 4796 719 4870 gratia
772 4796 836 4853 in
881 4796 1088 4854 ordine
1138 4800 1569 4869 supernaturali

208 4877 374 4936 habet
421 4877 708 4934 rationem
756 4881 977 4933 naturae
1008 4898 1021 4934 ε
1053 4875 1204 4934 visio
1250 4893 1390 4934 vero
1434 4878 1575 4936 bea-

208 4959 359 5018 tifica
411 4960 582 5017 habet
631 4959 916 5017 rationem
968 4959 1322 5032 operationis
1370 4980 1384 5016 ε
1438 4977 1574 5036 ergo

203 5041 388 5118 gratia
430 5046 517 5098 est
565 5035 873 5112 perfectior
918 5037 1165 5109 visione,
1200 5040 1324 5097 sive
1348 5040 1575 5117 glorifi-

206 5123 426 5181 catione
467 5119 825 5193 inadaequate
851 5118 1209 5178 considerata
1236 5137 1410 5196 :ergo
1441 5139 1573 5179 cum

2947 473 3064 529 653

1690 643 2023 720 justificatio
2051 647 2216 722 impii
2245 649 2319 705 sit
2345 646 2789 706 communicatio
2834 645 3054 722 gratiae,

1695 729 1956 800 sequitur
1971 729 2440 804 justificationem
2459 729 2623 802 impii
2646 745 2766 787 esse
2789 734 3059 801 praestan-

1696 808 1906 866 tiorem
1933 809 2352 885 glorificatione
2380 810 2732 882 inadaequate
2759 815 3010 883 sumpta.

1772 889 2180 960 Confirmatur,
2200 894 2334 966 quia
2354 893 2404 949 si
2431 890 2744 949 secundum
2770 892 3059 948 rationem

1698 982 1955 1031 nostram
1983 974 2405 1050 distinguamus
2450 975 2515 1031 in
2562 976 2674 1029 Deo
2721 978 3058 1045 conceptum

1698 1059 1941 1122 naturae,
1981 1061 2038 1112 et
2082 1061 2415 1131 conceptum
2440 1050 2884 1119 ‘intellectionis,
2919 1069 3058 1126 per-

1698 1136 1900 1194 fectior
1943 1142 2028 1194 est
2082 1144 2384 1211 conceptus
2433 1137 2746 1211 objectivus
2811 1140 3053 1203 naturae,

1696 1233 1872 1291 quam
1947 1222 2248 1291 conceptus
2323 1218 2731 1276 intellectionis
2764 1240 2778 1283 ;
2845 1221 3057 1272 natura

1697 1301 1909 1374 quippe
1948 1300 2150 1358 divina
2170 1306 2254 1358 est
2276 1300 2462 1369 radix,
2485 1306 2542 1358 et
2569 1299 2921 1375 principium
2945 1298 3061 1355 for-

1698 1385 1851 1440 male
1875 1384 2162 1450 omnium,
2194 1399 2320 1457 quae
2360 1384 2424 1441 in
2470 1386 2584 1441 Deo
2633 1382 3004 1456 reperiuntur
3038 1402 3053 1438 ε

1699 1466 1854 1538 atqui
1895 1465 2083 1539 gratia
2111 1463 2474 1524 sanctificans
2502 1466 2804 1538 participat
2839 1464 3061 1521 forma-

1699 1549 1834 1605 liter
1860 1553 2194 1623 conceptum
2218 1555 2438 1607 naturae
2466 1549 2714 1615 divinae;
2746 1547 2892 1605 visio
2923 1562 3063 1605 vero

1697 1628 1960 1687 beatifica
2009 1632 2200 1688 solum
2248 1631 2550 1705 participat
2588 1634 2923 1703 conceptum
2964 1627 3060 1683 di-

1697 1712 1851 1768 vinae
1872 1712 2308 1770 intellectionis:
2332 1730 2467 1788 ergo
2486 1714 2671 1787 gratia
2693 1710 3058 1769 sanctificans

1696 1796 1783 1849 est
1800 1792 2144 1866 simpliciter
2169 1795 2487 1868 perfectior,
2508 1811 2681 1868 quam
2703 1793 2869 1850 visio,
2897 1796 3059 1850 Patet

1697 1877 2119 1947 consequentia,
2150 1877 2286 1948 quia
2312 1893 2573 1933 excessus
2617 1876 2769 1933 inter
2818 1875 3059 1949 partici-

1698 1955 1958 2027 pationes
1985 1956 2256 2015 formales
2283 1955 2449 2014 debet
2478 1958 2727 2030 regulari
2758 1972 2931 2029 penes
2950 1971 3058 2013 ex-

1696 2053 1918 2093 cessum
1967 2038 2381 2112 perfectionum
2420 2038 2777 2104 divinarum,
2808 2052 3057 2110 quarum

1696 2125 1833 2177 sunt
1872 2121 2357 2195 participationes.
2409 2124 2523 2179 Nec
2576 2122 2639 2177 in
2687 2122 2792 2179 hoc
2836 2126 3060 2194 oportet

1698 2201 1949 2273 amplius
1984 2203 2290 2261 immorari
2325 2222 2338 2258 ε
2369 2203 2695 2259 recolantur
2734 2200 2882 2258 dicta
2918 2200 3058 2258 locis

1698 2283 1904 2350 citatis,
1936 2300 2061 2358 quae
2081 2285 2228 2342 hanc
2251 2284 2625 2340 assertionem
2647 2282 2865 2356 liquido
2885 2282 3059 2338 evin-

1696 2367 1852 2431 cunt,
1876 2370 1932 2422 et
1953 2366 2272 2422 maximam
2299 2365 2498 2439 gratiae
2527 2364 2932 2438 perfectionem
2953 2362 3057 2419 de-

1696 2444 1939 2502 clarant.

1769 2528 1861 2584 43.
1898 2526 2184 2584 Adversus
2220 2529 2265 2595 l,
2297 2531 2353 2583 et
2379 2527 2434 2593 3,
2477 2531 2531 2583 et
2575 2527 2631 2593 4,
2664 2523 3057 2583 conclusiones
3093 2539 3249 2594 opinio

1697 2624 1816 2665 non
1858 2609 2190 2666 invenimus
2224 2607 2556 2674 sententias,
2589 2623 2712 2680 quae
2741 2605 3056 2678 probentur
3085 2595 3258 2684 ⁰2¹3&

1697 2689 2033 2747 authoribus
2060 2711 2073 2746 ι
2103 2705 2206 2747 nec
2230 2692 2539 2758 ‚occurrunt
2569 2691 2911 2763 argumenta
2938 2687 3057 2743 ali-

1696 2769 1856 2845 cujus
1908 2771 2204 2836 momenti,
2257 2774 2466 2843 praeter
2518 2768 2884 2843 objectiones,
2917 2785 3060 2842 quas

1697 2850 1883 2910 obiter
1922 2852 2225 2910 diluimus.
2258 2854 2469 2910 Contra
2507 2848 2816 2910 secundam
2866 2856 3058 2908 autem

1695 2934 2119 2992 conclusionem
2148 2936 2405 2992 sentiunt
2433 2936 2648 3000 Scotus,
2681 2935 2875 2996 Lorca,
2904 2935 3058 2990 Fon·
3086 2919 3271 3012 *ῗζξζξξηῖξΔ

1696 3031 1842 3083 seca,
1890 3016 2152 3091 Ripalda,
2202 3022 2258 3076 et
2305 3017 2406 3075 alii
2459 3021 2624 3073 extra
2669 3015 2935 3070 Scholam
2988 3017 3050 3070 D.
3072 3018 3254 3112 3⁹⁰⁸&AE

1697 3098 1904 3156 Thom.
1929 3099 2026 3172 qui
2055 3104 2334 3166 asserunt,
2365 3111 2763 3172 quamcunque
2788 3093 3061 3151 substan-
3112 3076 3178 3120 ’μ’
3255 3095 3269 3108 “

1698 3181 1839 3238 tiam
1870 3183 2194 3239 naturalem
2221 3197 2359 3250 esse,
2393 3179 2796 3253 metaphysice,
2829 3184 2885 3235 et
2911 3179 3061 3234 sim-

1700 3262 1925 3335 pliciter
1948 3262 2247 3335 loquend0,
2275 3261 2671 3336 perfectiorem
2694 3260 2881 3335 gratia
2902 3274 3063 3316 sanc-

1699 3342 1969 3400 tificante.
2002 3345 2086 3399 Ex
2106 3360 2217 3416 quo
2246 3342 2532 3416 principio
2562 3342 2753 3414 palam
2782 3340 3056 3408 infertur,

1694 3423 2158 3499 justificationem
2177 3425 2343 3498 impii
2366 3423 2783 3482 consideratam
2807 3438 2879 3479 ex
2901 3426 3063 3494 parte

1699 3507 1959 3574 termini,
1978 3523 2076 3564 seu
2102 3506 2184 3563 rei
2209 3506 2511 3579 productae,
2535 3521 2658 3563 esse
2678 3503 3063 3577 imperfectio-

1700 3603 1825 3644 rem
1854 3588 2160 3645 creatione.
2190 3586 2297 3643 Sed
2337 3586 2471 3659 quia
2512 3587 2631 3643 loco
2657 3584 2864 3658 saepius
2891 3584 3062 3641 citato

1700 3667 1847 3724 illud
1872 3666 2222 3741 principium
2244 3668 2580 3732 evertimus,
2605 3670 2663 3723 et
2690 3663 3058 3722 adversario-

1702 3765 1833 3805 rum
1862 3748 2219 3823 argumentis
2266 3747 2640 3816 occurrimuS,
2669 3762 2786 3804 non
2813 3748 3055 3818 oportet,

1699 3832 1851 3906 quod
1877 3832 1941 3889 in
1966 3832 2050 3890 eis
2077 3831 2289 3889 iterum
2310 3830 2628 3888 enodandis
2650 3830 3055 3888 immoremur.

2311 4012 2343 4080 ς
2383 4011 2451 4065 11.

1889 4156 2204 4217 Corollaria
2223 4158 2569 4232 praecedentis
2593 4159 2869 4215 doctrinar.

1773 4309 1870 4365 44.
1894 4310 2035 4365 Cum
2058 4311 2122 4366 D.
2138 4309 2388 4366 Thomas
2406 4308 2467 4365 in
2480 4307 2583 4365 hoc
2605 4307 2844 4366 articulo
2870 4305 3060 4380 inqui·
3096 4302 3252 4397 §ruff-

1700 4390 1921 4457 siverit,
1937 4390 2465 4462 Utrumjttstificatio
2484 4391 2646 4463 impii
2664 4391 2736 4445 sit
2748 4389 3061 4445 maximum
3112 4401 3226 4446 allas

1699 4488 1837 4546 opus
1857 4471 2002 4528 Dei?
2027 4471 2222 4528 forsan
2246 4470 2416 4527 alicui
2458 4468 2749 4527 videbitur
2770 4471 2828 4526 S.
2857 4461 3269 4545 Docto-,.‘,{,⁴{{¹{¹,¹1',⁸„‡,²

1702 4570 1828 4611 rem
1887 4551 2175 4609 diminute
2219 4551 2557 4626 processisse
2603 4551 2665 4606 in
2714 4552 3061 4610 resolutione
3073 4549 3285 4598 omiserit.

1701 4634 2059 4691 difficultatis.
2088 4637 2234 4690 Nam
2263 4634 2326 4690 in
2365 4649 2602 4705 corpore
2623 4633 2850 4690 articuli
2872 4635 3063 4691 solum

1699 4721 1994 4788 comparat
2015 4714 2440 4790 justificationis
2465 4731 2606 4788 opus
2633 4715 2794 4787 operi
2816 4715 3066 4772 creatio-

1701 4797 1811 4864 nis,
1844 4801 1900 4854 et
1917 4796 2368 4871 glorificationiS,
2396 4802 2604 4870 praeter
2625 4812 2750 4870 quae
2774 4803 2910 4853 sunt
2937 4796 3063 4853 alia

1701 4894 1877 4951 opera
1921 4879 2193 4954 insignia,
2222 4895 2368 4945 ,cum
2414 4877 2619 4951 quibus
2667 4883 2850 4952 posset
2895 4877 3067 4951 impii

1696 4958 2028 5034 justificatio
2048 4960 2320 5018 conferri.
2360 4960 2527 5017 Unde
2554 4959 2683 5016 licet
2704 4959 3068 5016 determina-

1703 5043 1853 5099 verit
1869 5041 2333 5116 J'ustificationem
2355 5043 2524 5116 impii
2545 5058 2667 5100 esse
2694 5041 3063 5114 praestantius

1703 5139 1847 5197 opus
1888 5122 2193 5189 creatione,
2243 5127 2341 5180 aut
2385 5125 2561 5182 etiam
2606 5122 3029 5199 glorificatione
3054 5146 3075 5192 ς
