3647 5753
130 624 172 656 a.

129 3044 180 3088 io.

1316 420 1495 476 mse.
1537 419 1657 488 v11,

277 599 417 653 257.
474 595 798 670 Replicabis
823 618 836 653 :
861 596 1134 668 quoniam
1158 599 1219 650 ut
1244 593 1370 666 quis
1393 594 1577 665 peccet

198 693 328 735 non
346 676 721 751 adimplendo
742 684 1161 749 praecepta,non
1181 672 1464 730 sufficiunt
1481 688 1575 729 re-

197 760 425 833 quisita
439 759 509 817 ad
527 758 837 833 potentiam
850 756 1281 831 adimpletivam
1295 752 1575 828 praecepti,

202 839 308 897 sed
338 840 744 898 desiderantur
780 840 956 897 etiam
998 837 1272 911 requisita
1311 834 1382 892 ad
1420 835 1577 892 exis-

205 922 462 977 tentiam
496 920 927 994 adimpletionis
955 918 1148 991 :atqui
1178 917 1350 975 homo
1376 930 1578 973 carens

202 1003 437 1060 auxilio
458 1002 674 1076 praevio
693 1001 904 1059 efficaci
930 999 1001 1057 ad
1027 999 1385 1073 operandum
1411 1042 1425 1064 ,
1457 1011 1576 1053 non

204 1081 388 1139 habet
415 1083 691 1156 requisita
718 1080 786 1138 ad
813 1081 1181 1138 existentiam
1210 1077 1577 1151 adimpletio-

208 1162 308 1218 nis
330 1178 502 1238 :ergo
522 1163 697 1220 homo
716 1177 917 1219 carens
938 1160 1204 1234 praedicto
1224 1159 1442 1216 auxilio
1458 1173 1577 1215 non

208 1250 403 1317 peccat
426 1261 546 1302 non
568 1241 937 1317 adimplendo
958 1246 1236 1315 praecepta
1257 1240 1574 1312 :quodcum

210 1326 533 1383 absurdum
561 1327 652 1392 sit,
684 1321 990 1382 dicendum
1017 1328 1103 1381 est
1128 1323 1413 1380 auxilium
1437 1336 1577 1395 pras·

211 1410 402 1476 vium,
433 1413 493 1465 et
532 1407 604 1465 ab
649 1407 961 1464 intrinseco
986 1406 1183 1464 efficax
1212 1422 1327 1463 non
1358 1403 1575 1477 requiri

211 1505 319 1547 nec
361 1490 435 1546 ad
477 1489 790 1562 potentiam
820 1485 1254 1560 adimpletivam
1288 1484 1572 1559 praecepti,

212 1586 321 1627 nec
361 1567 434 1626 ad
473 1568 841 1626 existentiam
882 1565 1331 1638 adimpletionis,
1381 1565 1577 1620 Minor

215 1651 498 1725 probatur
520 1695 533 1718 ,
579 1650 713 1724 quia
739 1649 994 1722 operatio
1018 1649 1271 1704 existens
1296 1644 1578 1720 dependet

212 1732 604 1790 essentialiter
629 1730 702 1787 ab
722 1728 941 1786 auxilio
969 1729 1184 1801 praevio
1227 1727 1465 1793 efficaci,
1514 1728 1578 1780 ut

214 1818 437 1872 constat
460 1829 532 1870 ex
560 1812 832 1868 hactenus
855 1808 1040 1874 dictis,
1073 1814 1129 1865 et
1168 1808 1371 1866 docent
1417 1822 1577 1864 com-

217 1894 479 1950 muniter
499 1890 811 1947 Thomistae
834 1910 847 1944 :
868 1904 1004 1962 ergo
1025 1888 1197 1945 homo
1215 1904 1417 1945 carens
1438 1900 1577 1959 prae·

215 1973 368 2033 dicto
390 1973 610 2030 auxilio
637 1987 756 2028 non
783 1971 955 2027 habet
979 1969 1178 2027 omnia
1207 1968 1480 2041 requisita
1506 1966 1577 2023 ad

215 2055 588 2116 existentiam
633 2051 1066 2125 adimpletionis
1091 2093 1104 2106 .
1155 2049 1340 2125 Major
1385 2054 1577 2105 autem

216 2137 508 2203 suadetur,
551 2136 827 2210 quoniam
874 2139 1148 2208 praecepta
1178 2148 1295 2190 non
1322 2131 1579 2205 obligant

218 2237 322 2279 nos
342 2218 412 2277 ad
437 2235 601 2293 posse
619 2218 869 2293 operari,
900 2216 1000 2275 sed
1030 2214 1100 2272 ad
1145 2214 1392 2272 exercite
1436 2227 1578 2286 ope-

219 2300 505 2369 randum3
535 2316 640 2358 nec
658 2300 817 2357 enim
846 2298 1137 2373 legislator
1166 2294 1420 2369 praecipit
1438 2290 1578 2349 sub-

218 2381 377 2448 ditis,
410 2387 474 2437 ut
501 2382 719 2454 possint
742 2395 910 2455 agere
932 2422 946 2445 ‚
979 2383 1033 2435 et
1080 2376 1402 2449 adimplere
1427 2387 1579 2447 pree-

219 2467 398 2535 cepta,
423 2460 521 2518 sed
542 2465 604 2517 ut
638 2466 763 2516 actu
789 2460 893 2516 illa
921 2457 1277 2530 adimpleant
1312 2476 1325 2511 z
1352 2469 1488 2529 ergo
1514 2457 1580 2509 ut

219 2542 350 2615 quis
376 2556 494 2597 non
520 2539 891 2613 adimplendo
938 2543 1140 2611 peccet,
1173 2534 1340 2592 debet
1368 2534 1578 2590 habere

223 2621 498 2693 requisita
517 2636 633 2677 non
660 2622 850 2678 solum
873 2618 942 2676 ad
967 2617 1279 2692 potentiam
1303 2614 1578 2688 adimple-

220 2701 424 2768 tivam,
472 2700 569 2757 sed
596 2700 773 2757 etiam
800 2698 871 2756 ad
897 2696 1264 2766 existentiam
1292 2692 1578 2766 adimple-

216 2783 416 2841 tionis.
447 2784 607 2840 Patet
632 2780 1069 2855 consequentia;
1119 2793 1255 2834 nam
1304 2775 1578 2849 requisita

215 2863 289 2921 ad
316 2865 574 2939 aliquam
600 2862 1009 2937 obligationem
1035 2859 1245 2918 debent
1269 2873 1391 2916 esse
1439 2857 1578 2914 talia

210 2947 378 3019 juxta
399 2945 641 3005 modum
670 2944 1056 3019 obligationis.

291 3024 693 3098 Respondetur
732 3021 992 3099 negando
1014 3023 1292 3098 majorem
1321 3042 1334 3077 ε
1363 3019 1500 3094 quia
1525 3018 1576 3075 si

216 3124 357 3166 vera
374 3114 543 3176 esset,
570 3122 867 3178 nunquam
887 3105 1061 3163 homo
1081 3102 1577 3179 transgrederetur

216 3193 517 3261 praecepta,
560 3185 658 3243 sed
684 3202 751 3243 ea
777 3201 1004 3259 semper
1032 3184 1406 3256 adimpleret;
1438 3196 1576 3238 nam

216 3270 371 3326 inter
397 3266 516 3324 alia
563 3267 838 3340 requisita
866 3265 935 3323 ad
962 3264 1393 3337 adimpletionis
1419 3261 1576 3318 exis-

212 3351 458 3408 tentiam
504 3350 863 3408 desideratur
899 3361 1207 3405 concursus
1235 3344 1490 3409 actualis,
1519 3346 1578 3398 et

209 3433 598 3490 simultaneus
622 3432 722 3489 Dei
753 3432 818 3487 in
846 3431 1030 3504 ipsam
1059 3426 1531 3499 adimpletionem
1560 3445 1573 3480 ε

212 3514 402 3587 posito
426 3518 618 3570 autem
646 3510 977 3587 hujusmodi
1004 3525 1303 3576 concursu,
1348 3505 1576 3564 infalli-

212 3594 337 3652 bile
360 3598 465 3660 est,
493 3599 550 3651 et
576 3592 963 3651 necessarium
1005 3590 1337 3648 necessitate
1375 3602 1576 3644 conse-

209 3674 483 3749 quentias,
506 3673 655 3748 quod
688 3674 863 3731 homo
901 3676 1188 3744 operetur,
1219 3675 1275 3726 et
1301 3672 1576 3741 praecepta

210 3755 549 3830 adimpleat.
582 3758 652 3811 Et
677 3771 880 3813 omnes
899 3752 1170 3827 Theologi
1194 3750 1577 3808 communiter

210 3839 419 3895 docent
440 3836 511 3893 ad
537 3836 909 3893 omissionem
938 3829 1390 3907 peccaminosam
1417 3828 1576 3885 suffi-

210 3932 365 3983 cere,
395 3914 545 3989 quod
573 3917 748 3973 homo
774 3920 1037 3972 teneatur
1078 3927 1264 3986 agere,
1306 3916 1363 3967 et
1401 3908 1577 3982 possit

213 4012 407 4072 agere,
437 4003 495 4052 et
532 4011 648 4053 non
676 3998 840 4069 agat;
872 4010 1007 4051 nam
1035 3992 1302 4065 obligato,
1337 3987 1572 4062 potenti,

213 4085 270 4136 et
316 4092 441 4133 non
487 4074 717 4133 facienti
765 4076 932 4146 culpa
970 4078 1054 4131 est
1093 4072 1378 4129 omittere.
1412 4066 1577 4125 Unde

216 4174 353 4216 cum
373 4156 492 4212 haec
511 4156 710 4213 omnia
730 4156 1030 4211 salventur
1056 4151 1266 4224 absque
1289 4147 1577 4222 requisitis

216 4256 288 4298 ex
311 4243 476 4312 parte
495 4241 648 4294 actus
668 4232 905 4293 secundi
927 4234 996 4292 ad
1019 4234 1318 4299 actualem,
1342 4236 1399 4289 et
1418 4245 1579 4287 exer-

213 4320 394 4378 citam
443 4317 706 4390 praecepti
760 4315 1236 4388 adimpletionem
1261 4355 1274 4379 ,
1318 4312 1579 4384 sequitur

213 4396 551 4473 hujusmodi
611 4396 883 4470 requisita
940 4410 1061 4453 non
1116 4391 1465 4458 desiderari,
1515 4393 1581 4445 ut

213 4483 395 4540 homo
415 4484 600 4553 peccet
623 4494 743 4535 non
764 4474 1135 4550 adimplendo
1155 4477 1451 4549 praecepta3
1480 4468 1579 4529 sed

212 4563 476 4621 sufficere
502 4561 796 4634 requisita,
822 4574 926 4635 per
958 4574 1083 4632 quae
1109 4556 1174 4614 fit
1207 4561 1407 4631 potens
1431 4553 1579 4611 sim-

214 4641 450 4716 pliciter
490 4638 560 4696 ad
595 4640 701 4697 illa
733 4636 1104 4711 adimplenda
1132 4635 1387 4711 potentia
1413 4637 1580 4691 ante-

213 4721 464 4787 cedenti,
488 4724 545 4777 et
569 4721 635 4777 in
661 4734 831 4776 sensu
851 4718 1073 4786 divis03
1100 4722 1159 4775 et
1183 4714 1333 4791 quod
1361 4712 1580 4770 nihilo-

215 4803 423 4859 minus
441 4815 561 4857 non
581 4798 915 4872 adimpleat.
933 4799 1013 4855 Ea
1031 4797 1244 4872 quippe
1276 4809 1402 4869 quae
1430 4791 1582 4851 suffi-

216 4884 403 4950 ciunt,
446 4885 510 4936 ut
547 4879 725 4936 homo
773 4876 996 4936 dicatur
1033 4877 1375 4951 simpliciter
1419 4888 1582 4948 posse

218 4977 411 5039 agere,
439 4960 733 5019 sufficiunt
757 4960 951 5028 etiam,
983 4966 1046 5017 ut
1080 4960 1304 5017 dicatur
1347 4955 1581 5030 simpli-

218 5045 367 5102 citer
404 5057 569 5116 posse
617 5045 892 5114 praecepta
919 5039 1238 5114 adimplere
1260 5081 1273 5107 ,
1327 5042 1384 5096 et
1421 5051 1583 5111 posse

1700 418 1867 476 DUB.
1910 419 2004 476 IV.
2961 405 3055 462 181

1705 589 2049 664 simpliciter
2098 604 2213 645 non
2260 585 2558 650 omittere;
2586 598 2718 639 cum
2762 577 2962 636 eadem
2987 577 3064 632 sit

1709 672 1857 729 ratio
1884 670 2202 743 utrobique.
2236 667 2322 723 Ad
2350 665 2746 740 probationem
2781 666 2971 718 autem
2999 658 3064 716 in

1706 754 2063 812 contrarium
2120 750 2530 825 respondemus
2561 793 2573 816 ,
2625 743 2784 803 aliud
2833 757 2954 800 esse
3005 738 3065 796 id

1705 836 1854 911 quod
1879 837 2108 909 respicit
2127 833 2399 909 obligatio
2424 828 2710 905 praecepti,
2732 831 2789 882 et
2807 820 2956 897 quod
2978 820 3065 876 in-

1702 917 1917 991 jungit;
1951 914 2108 972 aliud
2138 928 2273 970 vero
2301 910 2378 979 id,
2408 912 2470 966 in
2490 925 2602 983 quo
2625 904 2901 962 fundatur
2920 899 3066 958 obli-

1704 998 1877 1072 gatio.
1909 997 2158 1069 Respicit
2200 992 2432 1068 quidem
2472 988 2744 1062 obligatio
2769 991 2977 1049 actum,
3008 987 3064 1037 et

1705 1078 2044 1135 exercitium
2073 1073 2503 1147 adimpletionis
2531 1092 2544 1126 ε
2568 1074 2625 1125 at
2646 1081 2762 1123 non
2785 1062 3061 1120 fundatur

1706 1158 1770 1214 in
1798 1164 1944 1225 actu,
1976 1159 2067 1215 vel
2097 1157 2160 1212 in
2185 1154 2480 1220 exerciti0,
2514 1149 2606 1207 vel
2634 1149 2696 1203 in
2722 1146 2806 1203 eis
2825 1159 2951 1218 quae
2988 1157 3061 1199 ex

1707 1245 1870 1313 parte
1894 1238 2153 1298 exercitii
2181 1253 2242 1294 se
2270 1240 2486 1300 tenent,
2512 1230 2610 1288 sed
2636 1245 2702 1288 ea
2722 1224 3062 1298 simpliciter

1707 1322 2029 1390 antecedit;
2061 1336 2197 1377 nam
2231 1324 2291 1374 ut
2316 1317 2445 1390 quis
2471 1312 2648 1388 possit
2691 1306 2957 1382 obligari,
3008 1308 3064 1362 ei

1696 1402 1991 1478 obligetur
2017 1401 2088 1460 ad
2115 1396 2542 1466 actum,susficit
2563 1390 2712 1466 quod
2736 1388 2940 1446 habeat
2955 1402 3057 1459 po-

1708 1489 1990 1553 testatem,
2019 1491 2075 1543 et
2103 1482 2395 1557 requisita,
2426 1476 2645 1553 {quibus
2673 1471 2848 1547 possit
2872 1476 3059 1526 actum

1705 1562 1914 1625 elicere
1945 1611 1958 1625 .
2016 1568 2116 1622 Est
2164 1565 2328 1622 enim
2375 1559 2624 1635 profecto
2674 1552 2946 1627 obligatio
2991 1549 3062 1607 de

1707 1647 1924 1704 actibus
1954 1692 1966 1717 ,
2015 1646 2113 1705 sed
2166 1662 2283 1702 non
2350 1640 2627 1698 fundatur
2677 1637 2740 1692 in
2795 1631 3011 1690 actibus
3044 1673 3055 1694 ,

1706 1729 1805 1786 sed
1854 1730 1919 1786 in
1981 1729 2065 1786 eis
2127 1743 2251 1801 quae
2298 1724 2587 1782 sufficiunt
2631 1718 2701 1776 ad
2730 1714 3055 1792 agendum.

1708 1813 1821 1868 Nec
1885 1805 1954 1868 in'
2006 1810 2110 1867 hoc
2161 1813 2383 1881 oportet
2441 1800 2728 1878 parificari
2791 1795 3065 1870 requisita

1709 1890 1779 1948 ad
1827 1892 2081 1965 aliquam
2131 1888 2542 1963 obligationem
2588 1897 2717 1939 cum
2773 1876 3022 1936 termino
3048 1918 3060 1940 ,

1706 1988 1877 2046 quem
1903 1969 2130 2045 respicit
2169 1968 2474 2043 obligatio;
2506 1980 2642 2021 uam
2669 1960 2956 2018 terminus
2980 1961 3067 2013 est

1708 2056 1866 2109 actus
1890 2050 2191 2117 secunduS,
2245 2047 2521 2120 requisita
2559 2057 2697 2100 vero
2738 2043 2874 2095 sunt
2912 2041 3068 2094 actus

1709 2133 1954 2206 primuS,
1985 2133 2049 2187 in
2077 2148 2188 2204 quo
2216 2133 2371 2187 actus
2396 2122 2678 2183 secundus
2722 2118 3066 2176 sufficienter

1710 2212 2156 2287 praecontinetur
2180 2231 2197 2276 ,·
2243 2207 2571 2283 praecipitur
2613 2202 2773 2260 enim
2815 2214 2932 2256 non
2960 2213 3064 2270 po-

1709 2295 1907 2360 tentia,
1938 2292 2036 2350 sed
2059 2298 2213 2350 actus
2239 2313 2252 2347 ε
2277 2297 2335 2347 at
2356 2304 2472 2347 non
2495 2284 2822 2362 praecipitur
2850 2278 3059 2353 agenti,

1707 2374 1805 2432 sed
1829 2374 2044 2448 potenti
2088 2388 2272 2448 agere.
2305 2370 2470 2427 Unde
2500 2384 2630 2426 cum
2676 2359 3067 2422 denominatio

1710 2455 1959 2528 potentis
1990 2469 2157 2529 agere
2201 2454 2457 2509 salvetur
2504 2465 2606 2522 per
2651 2444 2871 2504 auxilia
2908 2438 3066 2497 suffi-

1708 2536 1939 2602 cientia,
1962 2539 2018 2591 et
2039 2533 2492 2606 independenter
2508 2529 2578 2587 ab
2601 2525 2816 2585 auxilio
2835 2521 3063 2584 efficaci,

1710 2622 1770 2672 ut
1795 2622 2016 2674 constat
2035 2632 2108 2673 ex
2133 2631 2309 2688 supra
2333 2612 2516 2677 dictis,
2549 2609 2806 2681 sequitur
2850 2601 3067 2659 salvari

1707 2696 2118 2772 obligationem
2163 2693 2445 2768 praecepti,
2491 2695 2546 2748 et
2597 2689 2720 2763 eJ‘us
2747 2690 3070 2757 transgres-

1707 2776 1931 2835 sionem
1979 2777 2435 2850 peccaminosam
2477 2786 2578 2845 per
2600 2770 2782 2826 solam
2810 2764 3071 2822 collatio-

1692 2872 1844 2915 -nem
1872 2858 2226 2916 auxiliorum
2255 2852 2681 2916 sufficientium,
2719 2858 3070 2922 quamquam

1708 2938 1996 2994 auxilium
2046 2936 2241 2994 efficax
2284 2933 2547 3008 proxime
2613 2926 2954 3001 requisitum
2999 2921 3070 2978 ad

1707 3017 2047 3074 exercitium
2103 3016 2263 3072 illius
2313 3008 2748 3083 adimpletionis
2786 3020 2904 3062 non
2928 3018 3070 3059 con-—
3138 3030 3153 3043 κ

1708 3099 1951 3157 feratur.

1779 3182 1913 3237 258.
1944 3178 2228 3236 Diximus,
2273 3190 2609 3253 quamquam
2629 3168 2914 3225 atioeilium
2955 3166 3066 3239 effi·

1707 3279 1818 3318 caoe
1837 3260 2093 3335 prooeiine
2141 3260 2465 3337 requisitum
2521 3253 2595 3310 ad
2644 3250 2966 3307 exercitium
2994 3246 3071 3302 il-

1711 3344 1819 3399 lius
1843 3342 2253 3415 adimpletionis
2272 3355 2382 3395 non
2427 3336 2745 3409 conferatur
2770 3349 2790 3399 ;
2829 3329 2966 3403 quia
2992 3328 3070 3383 li-

1708 3428 1793 3480 cet
1818 3419 2270 3494 independenter
2309 3417 2379 3474 ab
2419 3417 2522 3472 hoc
2545 3412 2763 3471 auxilio
2789 3410 3064 3471 salvetur,

1706 3503 1857 3577 quod
1884 3503 2138 3566 omissi0,
2164 3502 2256 3557 vel
2278 3496 2655 3572 transgressio
2673 3492 2911 3564 alicujus
2933 3504 3073 3560 prae-

1706 3586 1853 3658 cepti
1897 3586 1973 3641 sit
1998 3582 2421 3658 peccaminosa;
2465 3575 2847 3634 nihilominus
2887 3568 3074 3625 indis-

1709 3663 2086 3740 pensabiliter
2145 3660 2460 3734 requiritur
2508 3654 2716 3727 aliquis
2767 3664 3075 3709 concursus

1706 3746 1902 3803 efficax
1929 3743 2194 3818 praevius,
2224 3747 2286 3798 ut
2318 3741 2491 3796 homo
2519 3733 2838 3794 omittendo
2866 3735 3070 3805 peccet.

1708 3826 1875 3884 Unde
1919 3827 1983 3882 in
2039 3820 2362 3898 hypothesi,
2401 3817 2550 3891 quod
2592 3820 2738 3873 Deus
2791 3812 3077 3871 conferret

1707 3906 1909 3965 omnia
1954 3904 2174 3962 auxilia
2222 3897 2572 3975 pertinentia
2627 3895 2697 3952 ad
2732 3900 2920 3953 actum
2950 3892 3075 3965 pri-

1706 4005 1891 4055 mum,
1922 3994 1979 4046 et
2010 3984 2348 4043 sufficientia
2370 3982 2441 4040 ad
2471 3977 2773 4055 agendum,
2806 3981 2973 4048 atque
3001 3972 3073 4030 ad

1708 4068 2145 4143 adimplendum
2168 4068 2448 4139 praecepta
2478 4085 2492 4129 ;
2517 4062 2750 4134 negaret
2777 4070 2914 4113 vero
2943 4069 3071 4110 om-

1707 4168 1844 4209 nem
1883 4164 2224 4208 concursum
2252 4146 2530 4205 efficacem
2561 4140 2861 4215 praevium,
2886 4142 2941 4194 et
2967 4153 3071 4209 ap·

3122 3187 3227 3230 Nota

1710 4233 2018 4306 plicantem
2047 4229 2118 4287 ad
2135 4225 2512 4303 operandum,
2531 4221 2765 4281 omissio
2786 4218 3071 4291 adimple·
3131 4278 3136 4282 ,

1708 4315 1886 4373 tionis
1957 4311 2223 4386 praecepti
2271 4325 2390 4367 non
2462 4311 2607 4364 esset
2659 4300 3066 4376 peccaminosa.

1709 4388 1997 4461 Quoniam
2018 4398 2083 4450 ut
2115 4390 2350 4449 omissio
2387 4385 2779 4461 peccaminosa
2829 4381 2922 4450 sit,
2955 4395 3073 4437 non

1709 4475 1916 4533 sufficit
1941 4473 2091 4548 quod
2135 4472 2310 4529 homo
2335 4472 2599 4526 teneatur
2627 4479 2813 4538 agere,
2844 4467 2900 4519 et
2923 4459 3072 4535 quod

1711 4556 1889 4631 possit
1934 4569 2103 4630 agere
2126 4576 2141 4621 ;
2165 4551 2264 4609 sed
2306 4546 2641 4621 requiritur,
2674 4542 2822 4616 quod
2864 4543 3075 4598 volun-

1710 4635 1858 4694 tarie
1904 4634 2132 4693 omittat
2157 4652 2171 4688 z
2195 4628 2295 4686 ubi
2334 4627 2495 4685 enim
2548 4622 2785 4682 omissio
2831 4635 2947 4677 non
2992 4626 3076 4677 est

1712 4713 2059 4782 voluntaria,
2117 4708 2314 4785 nequit
2347 4720 2469 4764 esse
2513 4702 2925 4777 peccaminosa,
2972 4714 3075 4756 nec

1711 4794 2010 4868 imputari.
2040 4789 2317 4857 Quamvis
2340 4790 2533 4844 autem
2555 4784 2730 4841 homo
2756 4782 2819 4838 in
2845 4778 3077 4853 praedic-

1710 4881 1769 4934 ta
1796 4873 2098 4951 hypothesi
2120 4873 2415 4928 teneretur
2429 4879 2614 4940 agere,
2638 4867 2696 4921 et
2710 4866 2895 4936 posset
2909 4874 3078 4934 agere

1715 4956 1940 5015 ratione
1963 4952 2318 5010 auxiliorum
2340 4946 2630 5019 adaequate
2647 4940 3070 5005 sufficientium,

1714 5031 2106 5095 nihilominus
2151 5043 2271 5087 non
2293 5024 2626 5086 voluntarie
2666 5023 2975 5083 omitteret.
3004 5021 3076 5075 Ut
