3647 5753
1324 451 1328 456 .
1412 395 1588 450 DISP.
1636 395 1752 463 v11,
1800 396 1964 452 DUB.
2012 396 2106 451 tv,

273 564 332 628 8,
357 561 660 620 disserens
681 562 753 621 de
775 563 1065 632 firmitate,
1092 573 1142 622 et
1169 564 1657 624 indefectibilitate

285 644 351 697 D.
396 643 556 700 Petri
609 645 675 701 in
722 645 879 709 Fide,
932 646 1114 717 ipsam
1162 646 1380 704 reducit
1421 662 1538 703 non
1593 645 1657 702 in

289 726 719 797 praescientiam
740 727 857 792 Dei,
878 728 1053 784 sedin
1085 728 1579 801 preparationem,
1602 731 1660 784 et

288 804 732 879 dispositionem
764 808 1076 865 voluntatis
1091 809 1322 865 divinas.
1352 807 1514 866 Unde
1539 808 1652 865 ait:

303 908 329 939 α
351 887 489 951 Quis
514 888 748 962 ignorat
777 895 911 946 tunc
938 890 1113 968 fuisse
1141 891 1458 963 perituram
1486 888 1657 946 fidem

307 990 331 1018 «
373 967 547 1034 Petri,
598 968 647 1023 si
675 984 742 1025 ea
793 986 919 1042 quae
957 968 1145 1026 tidelis
1194 975 1336 1038 erat,
1393 969 1659 1026 voluntas

307 1071 330 1099 τι
371 1048 492 1121 ipsa
535 1047 846 1115 deficeret,
896 1053 950 1106 et
998 1065 1462 1122 permansuram,
1515 1048 1564 1104 si
1592 1063 1660 1105 ea

309 1153 332 1182 α
371 1131 635 1187 voluntas
663 1138 942 1188 maneret.
1001 1129 1109 1187 Sed
1135 1131 1273 1204 quia
1301 1135 1662 1204 praeparatur

308 1234 333 1262 ιι
375 1211 691 1267 voluntasa
739 1211 1001 1276 Domino,
1052 1210 1182 1268 ideo
1228 1227 1333 1283 pro
1386 1210 1492 1266 illo
1543 1225 1660 1266 non

310 1313 334 1342 «
376 1294 560 1361 posset
584 1306 735 1347 essse
776 1291 966 1348 inanis
994 1291 1200 1348 oratio.
1244 1311 1269 1342 »
1312 1292 1381 1346 Et
1406 1308 1533 1362 cap.
1574 1292 1656 1355 14,

305 1372 515 1444 inquit:
546 1393 571 1422 α
597 1372 711 1428 Deo
733 1372 948 1428 volenti
970 1373 1196 1428 salvum
1219 1370 1406 1429 facere
1427 1371 1661 1426 nullum

312 1473 337 1503 α
377 1450 628 1508 hominis
675 1451 886 1507 resistit
944 1450 1301 1518 arbitrium;
1369 1450 1450 1506 sic
1502 1449 1662 1506 enim

313 1553 336 1584 α
376 1532 541 1596 velle,
586 1537 642 1587 et
670 1533 824 1587 nolle
848 1532 906 1586 in
957 1532 1221 1593 volentis.
1275 1536 1372 1587 aut
1414 1529 1663 1587 nolentis

313 1637 337 1666 ‹.‹
374 1619 460 1682 est
505 1618 796 1685 potestate,
858 1619 926 1669 ut
968 1612 1232 1669 divinam
1306 1615 1662 1670 voluntatem

313 1717 335 1747 α
377 1711 492 1752 non
518 1695 815 1768 impediat,
849 1712 950 1752 nec
974 1700 1204 1766 superet
1245 1700 1598 1767 potestatem.
1633 1717 1656 1746 n

311 1775 413 1832 Ubi
464 1775 988 1848 impossibilitatem
1038 1775 1398 1848 repugnandi
1445 1774 1661 1832 divinae

310 1856 582 1914 voluntati
629 1855 919 1921 absoluta),
971 1873 1095 1928 quse
1135 1857 1200 1911 in
1245 1855 1664 1927 praedestinatis

309 1936 648 2010 resplendet,
675 1943 902 1994 revocat
929 1936 991 1992 in
1018 1936 1325 1993 efficaciam
1355 1936 1536 2010 ipsius
1562 1953 1665 1994 vo-

309 2018 538 2073 luntatis
602 2017 836 2082 divinae,
908 2033 1026 2074 non
1093 2018 1156 2072 in
1207 2017 1661 2090 implicationem

308 2099 681 2173 componendi
753 2098 1078 2157 dissensum
1126 2115 1255 2155 cum
1309 2098 1666 2172 praescientia

308 2197 607 2239 consensus
626 2180 1017 2239 conditionate
1044 2180 1243 2248 futuri,
1276 2186 1337 2236 ut
1364 2183 1668 2237 autumant

313 2262 662 2320 Adversarii.

92 2352 288 2394 &serito
382 2342 502 2403 Qua
545 2337 768 2393 ratione
793 2337 935 2393 solet
966 2353 1217 2395 asserere
1241 2335 1391 2392 idem
1434 2337 1489 2392 S.
1525 2338 1667 2392 Doc-

118 2404 156 2441 Β
177 2403 281 2454 ⁸¹²3·
316 2429 415 2486 tor,
471 2421 890 2494 praescientiam
929 2437 1054 2492 quoe
1101 2419 1665 2494 praedestinationem

123 2914 174 2953 ἲ).

311 2504 627 2569 comitatur,
649 2500 884 2557 fundari
909 2502 970 2581 in
993 2502 1285 2564 electione.
1303 2507 1359 2558 et
1381 2500 1668 2575 proposito

313 2585 404 2641 Dei
454 2584 817 2641 decernentis
856 2583 1005 2639 circa
1070 2582 1501 2655 praedestinatos
1546 2597 1668 2653 quoe

314 2667 446 2722 vult.
479 2665 911 2731 Fra-destinasse,
943 2664 1128 2737 inquit
1148 2680 1270 2736 cap.
1312 2665 1394 2730 18,
1428 2661 1496 2717 de
1520 2660 1669 2717 bono

312 2747 763 2819 perseverantiae,
801 2754 877 2802 est
915 2748 1012 2801 hoc
1037 2748 1321 2819 prmscisse,
1353 2744 1496 2822 quod
1542 2748 1669 2815 sue-

312 2837 395 2885 rat
425 2831 534 2904 ipsc
582 2832 857 2904 facturus,
916 2831 983 2885 Et
1010 2830 1073 2885 dc
1106 2830 1352 2902 praedest.
1402 2826 1664 2886 Sanctor.

313 2930 429 2985 cap.
468 2914 549 2978 10,
575 2913 688 2967 ait:
722 2911 1199 2967 l’raedeslmatione
1232 2910 1375 2967 Deus
1399 2928 1464 2964 ea
1502 2924 1672 2983 precs-

311 2995 458 3058 cim't,
491 3012 605 3062 qua!
630 2994 818 3065 fuerat
842 2995 952 3065 t'pse
989 2995 1264 3055 facturae.
1320 2994 1503 3056 Quam
1535 2987 1672 3045 doc-

315 3074 522 3129 trinam
568 3072 827 3143 sequitur
858 3078 1129 3145 perpetuo
1178 3070 1482 3145 Angelicus
1511 3071 1671 3124 Prae-

310 3158 519 3226 ceptor,
565 3168 840 3209 revocans
863 3151 1261 3209 certitudinem
1293 3149 1670 3223 praedestina-

316 3237 503 3300 tionis,
536 3251 649 3292 non
679 3233 749 3290 ad
772 3235 961 3291 solum
991 3234 1345 3290 intellectum
1374 3231 1665 3294 divinum,

313 3316 406 3374 sed
443 3317 619 3374 etiam
662 3315 732 3372 ad
760 3316 1086 3381 efficaciam,
1144 3321 1199 3371 et
1227 3312 1674 3370 immutabilita-

314 3403 423 3453 tem
452 3396 669 3453 divinae
698 3396 1030 3461 voluntatis,
1072 3399 1129 3450 ut
1166 3394 1404 3471 quodlib.
1446 3396 1528 3457 12,
1559 3399 1670 3448 art.

317 3484 367 3541 3,
400 3477 497 3534 ubi
525 3478 605 3533 ait
634 3499 647 3533 :
674 3477 1084 3533 Praedestinatio
1111 3476 1266 3530 habet
1293 3474 1675 3529 certitudinem

313 3575 384 3613 ez·
421 3564 580 3630 parte
620 3557 923 3611 voluntatis
958 3554 1177 3619 divinas,
1220 3555 1311 3608 cui
1350 3570 1459 3609 non
1504 3559 1676 3626 potest

313 3638 528 3715 aliquid
555 3639 814 3693 resistere.
852 3637 919 3689 Et
943 3640 1137 3707 quaest.
1167 3636 1222 3700 6,
1248 3634 1318 3690 de
1355 3634 1529 3697 Malo,
1564 3638 1670 3689 art.

320 3723 482 3777 unico
510 3718 580 3776 ad
602 3720 637 3774 3
663 3739 676 3774 t
702 3717 849 3774 Deus
874 3724 1046 3772 nwvet
1091 3717 1426 3772 voluntatem
1471 3717 1677 3771 immu-

314 3805 556 3860 tabiliter
598 3808 817 3875 propter
859 3801 1161 3873 efficaciam
1199 3800 1481 3854 moventis.
1520 3800 1590 3853 Et
1619 3800 1678 3853 in

319 3886 418 3940 hac
445 3887 492 3946 l,
518 3884 573 3948 2,
599 3900 650 3958 q.
685 3884 806 3948 112,
837 3888 945 3936 art.
973 3883 1027 3946 3,
1054 3879 1244 3952 inquit
1270 3900 1283 3935 :
1336 3878 1678 3951 Praeparatio

319 3967 391 4022 ad
430 3967 697 4036 yratiam,
740 3963 1036 4019 secundum
1079 3960 1221 4039 quod
1247 3968 1376 4016 esta
1412 3959 1518 4016 Deo
1557 3977 1680 4015 mo-

321 4054 487 4113 vente,
520 4045 676 4100 habet
706 4045 1074 4099 necessitatem
1094 4041 1265 4107 adid,
1297 4041 1372 4096 ad
1417 4041 1560 4117 quod
1585 4058 1681 4096 or-

322 4130 549 4184 dinatur
573 4145 611 4182 a
659 4125 793 4193 Dec,
835 4141 946 4179 non
970 4124 1187 4200 quidem
1232 4123 1547 4189 coactioni&
1591 4121 1683 4177 sed

328 4210 789 4283 infallibilitalis;
815 4208 947 4285 quia
973 4206 1199 4260 intentio
1221 4203 1323 4260 Dei
1343 4204 1560 4274 deficere
1575 4221 1684 4259 non

316 4297 508 4362 potest.
561 4288 829 4359 Idemque
869 4286 1072 4358 repetit
1097 4283 1358 4357 pluribus
1385 4283 1518 4339 aliis
1545 4284 1683 4341 locis

320 4374 354 4439 ξ
375 4374 408 4426 2
437 4370 654 4428 relatis.
710 4370 862 4442 Ergo
886 4364 1199 4422 secundum
1227 4365 1602 4436 Scripturam,
1629 4367 1685 4420 et

330 4454 517 4508 Patres
535 4446 965 4508 concedendum
988 4451 1089 4510 est,
1123 4443 1684 4517 praedestinationem

313 4547 492 4605 supra
520 4528 950 4605 providentiam
995 4540 1382 4588 communem,
1436 4540 1562 4597 quae
1591 4540 1686 4581 re-

322 4614 533 4688 probiS,
564 4619 621 4671 et
659 4611 861 4670 electis
888 4609 1105 4665 auxilia
1147 4607 1344 4682 gratias
1371 4606 1680 4679 dispensat,

327 4694 529 4752 addere
556 4708 676 4750 non
711 4690 901 4747 solam
927 4685 1332 4745 certitudinem
1380 4684 1688 4757 praescien-

328 4777 431 4840 tiae.
454 4775 552 4833 sed
574 4775 758 4831 etiam
785 4768 1193 4826 certitudinem
1233 4764 1602 4832 causalitatiS,
1634 4772 1689 4823 et

329 4855 571 4913 influxus
602 4849 929 4911 voluntatis
956 4847 1184 4912 divinas,
1215 4852 1270 4903 et
1310 4844 1683 4912 auxiliorum,

319 4954 420 5011 per
461 4954 589 5011 quae
651 4932 934 5009 praedicta
996 4931 1259 4987 voluntas
1318 4927 1687 5001 exequutioni

318 5022 647 5079 mandatur.

3048 395 3151 451 103

1872 569 1991 624 163.
2007 567 2395 627 confirmatur
2413 569 2911 642 primo‚quoniam
2928 568 2977 624 si
3007 583 3150 640 prae-
3179 584 3348 679 <3¹52ssss

3167 684 3274 728 data
3288 694 3374 728 res·

1791 727 1949 783 illius
2000 733 2108 784 art.
2128 730 2183 793 6,
2216 728 2501 784 nonhabet
2527 729 2705 784 aliam
2743 728 3143 794 certitudinem,
3184 733 3353 827 Ἧι»-

1789 646 2111 713 destinatio,
2145 654 2206 705 ut
2243 649 2434 722 inquit
2474 649 2695 707 Molina
2735 649 2799 704 in
2833 651 3148 705 comment.

1791 825 1959 882 quam
1977 808 2177 863 divinar
2189 810 2551 881 praescientioe,
2575 826 2686 885 qua
2711 807 2854 864 Deus
2893 807 3149 879 pravidct

1786 906 1885 961 per
1910 890 2111 956 media,
2134 906 2232 962 per
2255 908 2370 968 quw
2398 892 2767 968 unusquisque
2791 891 3151 963 pradestina-

1791 977 1881 1024 tus
1904 977 2395 1042 cst.pcrventurwn
2414 988 2537 1026 cum
2564 972 2626 1025 in
2656 972 2830 1025 vitam
2856 977 3112 1026 aternam
3135 988 3153 1035 ,·

1791 1051 2049 1122 sequitur
2072 1050 2540 1124 praedestinatum
2568 1066 2684 1108 non
2726 1050 2961 1108 differre
2994 1067 3026 1107 a
3062 1067 3158 1107 re·

1795 1129 1990 1203 probo,
2024 1131 2235 1187 nisiex
2263 1135 2422 1204 parte
2468 1131 2841 1203 praescientiae
2888 1136 3151 1194 eventus,

1792 1211 1915 1267 sive
1935 1210 2071 1268 honi
2095 1227 2227 1267 usus
2250 1210 2417 1268 liberi
2443 1210 2671 1267 arbitrii
2697 1216 2756 1266 ut
2775 1210 3163 1268 conditionate

1794 1291 1975 1347 futuri
2008 1312 2020 1346 :
2050 1307 2400 1365 consequens
2425 1297 2508 1349 est
2535 1290 2853 1348 absurdum
2888 1312 2900 1346 :
2930 1307 3066 1367 ergo
3104 1297 3160 1348 et

1795 1370 2155 1428 antecedens.
2184 1373 2422 1445 Sequela
2449 1371 2676 1430 videtur
2714 1371 2970 1438 evidens,
3021 1373 3159 1446 quia

1797 1452 2240 1525 praedestinatio,
2264 1458 2320 1510 et
2357 1452 2788 1526 praedestinatus
2828 1458 2963 1509 sunt
3001 1453 3159 1510 velut

1792 1535 2135 1590 correlativa
2162 1550 2262 1606 per
2291 1532 2527 1590 modum
2570 1538 2744 1598 actus,
2802 1538 2858 1590 et
2903 1531 3104 1606 objecti
3141 1554 3154 1589 :

1794 1630 1931 1691 ergo
1972 1616 2022 1671 si
2053 1614 2475 1688 praedestinatio
2501 1630 2677 1687 supra
2730 1612 3157 1685 providentiam

1798 1695 2058 1768 reprobis
2101 1711 2467 1754 communem
2515 1710 2633 1751 non
2663 1693 2819 1750 addit
2861 1694 2974 1751 nisi
3011 1711 3160 1768 prae-

1795 1776 2093 1833 scientiam
2140 1782 2398 1840 eventus,
2447 1775 2569 1832 sive
2623 1773 2757 1832 boni
2811 1792 2944 1830 usus
2990 1775 3159 1832 liberi

1798 1854 2024 1911 arbitrii
2045 1860 2102 1910 ut
2117 1854 2503 1912 conditionate
2516 1853 3162 1926 futuri,praedestinatus

1797 1952 1916 1994 non
1941 1934 2185 1992 differta
2228 1934 2490 2007 reprobo,
2523 1934 2637 1990 nisi
2676 1951 2745 1992 ex
2797 1941 2957 2007 parte
2991 1935 3155 1991 illius

1799 2016 2184 2090 praescientiae.
2225 2015 2464 2071 Falsitas
2510 2021 2700 2071 autem
2753 2015 3153 2088 consequentis

1797 2094 2135 2160 ostenditur,
2162 2094 2295 2166 quia
2337 2094 2440 2149 illa
2464 2094 2818 2166 przescientia
2847 2109 2963 2151 non
3005 2092 3163 2150 addit

1798 2174 2026 2248 aliquod
2058 2174 2156 2231 Dei
2187 2171 2558 2240 beneficium;
2582 2172 2867 2246 siquidem
2888 2172 3162 2230 convenit

1799 2256 1907 2329 ipsi
1955 2255 2291 2322 necessarie,
2340 2261 2397 2311 et
2447 2252 2900 2327 independenter
2928 2270 2958 2310 a
2988 2269 3138 2309 nova

1798 2337 1990 2409 aliqua
2016 2335 2111 2392 Dei
2140 2336 2452 2400 voluntate,
2481 2335 2572 2391 vel
2614 2334 2856 2399 influxu,
2896 2339 2953 2390 et
3004 2333 3143 2389 fun-

1799 2416 1969 2473 datur
1996 2416 2204 2489 inipso
2226 2415 2375 2472 bono
2400 2430 2501 2471 usu
2532 2413 2702 2471 liberi
2732 2414 2963 2470 arbitrii
3011 2430 3162 2470 con-

1799 2496 2077 2553 ditionate
2106 2495 2284 2551 futuri
2321 2516 2333 2551 :
2362 2510 2498 2568 ergo
2512 2494 2558 2549 si
2591 2492 3023 2566 praedestinatus
3047 2509 3165 2549 non

1800 2578 1993 2635 dissert
2019 2594 2051 2634 a
2080 2576 2341 2650 reprobo,
2376 2576 2488 2632 nisi
2510 2592 2582 2632 ex
2610 2581 2768 2649 parte
2797 2574 3167 2647 praescientiae

1806 2658 1919 2722 Dei,
1971 2662 2031 2714 ut
2094 2658 2296 2714 asserit
2357 2657 2597 2724 Molina,
2669 2660 2862 2729 aperte
2900 2654 3162 2727 sequitur

1804 2739 2277 2814 praedestinatum.
2336 2754 2453 2795 non
2520 2737 2701 2811 magis
2757 2735 2966 2793 debere
3025 2739 3159 2802 De0‚

1800 2839 1973 2897 quam
1999 2820 2326 2896 reprobum,
2355 2836 2538 2895 neque
2563 2835 2683 2876 esse
2723 2818 2905 2894 magis
2947 2816 3168 2875 beneti-

1801 2906 2034 2968 ciatum,
2068 2920 2238 2977 quam
2270 2903 2437 2958 illum
2473 2900 2621 2959 :hoc
2640 2906 2831 2957 autem
2859 2905 2943 2957 est
2965 2905 3164 2957 contra

1805 2984 2022 3051 Fidem,
2060 3001 2170 3056 qua
2218 2982 2556 3056 profitemur
2597 2979 3161 3055 praedestinationem

1802 3082 1925 3123 esse
1951 3066 2271 3121 maximum
2300 3065 2397 3121 Dei
2429 3062 2789 3128 beneficium,
2824 3062 2943 3117 imo
2970 3061 3154 3135 origi-

1806 3162 1959 3211 nem,
1990 3150 2044 3201 et
2093 3143 2338 3201 radicem
2361 3149 2694 3200 cunctorum
2725 3141 3153 3207 beneficiorum,

1804 3232 1861 3283 et
1892 3228 2209 3299 grati-arum
2238 3241 2409 3299 :ergo
2456 3223 2767 3281 absurdum
2813 3227 2899 3279 est
2948 3221 3156 3287 dicere,

1803 3307 1952 3378 quod
2001 3323 2118 3379 prce
2132 3306 2453 3372 iestinatus,
2525 3311 2582 3362 et
2642 3303 2914 3377 reprobus
2979 3303 3169 3360 solum

1805 3385 2078 3444 differant
2122 3402 2194 3444 ex
2241 3392 2401 3459 parte
2442 3386 2838 3459 praescientiae.
2901 3387 3013 3439 Nec
3078 3383 3170 3439 hic

1808 3469 1960 3525 valet
1985 3468 2308 3525 communis
2336 3469 2435 3523 ille
2455 3466 2933 3524 Adversariorum
2980 3480 3171 3522 recur-

1806 3568 1902 3606 sus
1923 3549 1993 3607 ad
2016 3550 2460 3623 inequalitatem
2484 3550 2838 3606 auxiliorum
2858 3548 2918 3604 in
2945 3547 3168 3603 ratione

1809 3630 2090 3696 beneficii,
2110 3636 2387 3702 quatenus
2421 3628 2818 3702 praedestinato
2844 3627 3161 3684 conferun-

1810 3717 1903 3767 tur
1958 3711 2017 3766 in
2060 3717 2334 3783 tempore,
2384 3715 2439 3765 et
2482 3709 2793 3774 occasione,
2854 3708 2917 3763 in
2956 3706 3167 3780 quibus

1809 3790 2137 3865 operabitur
2153 3816 2166 3859 ;
2192 3791 2435 3862 reprobo
2450 3794 2640 3846 autem
2658 3789 3165 3847 communicantur

1808 3870 2055 3945 quand0,
2105 3877 2160 3928 et
2201 3871 2297 3927 ubi
2349 3877 2688 3943 operaturus
2716 3885 2832 3927 non
2878 3875 2981 3926 est.
3029 3870 3164 3934 Hoc,

1813 3954 2068 4026 inquam,
2101 3951 2375 4028 effugium
2404 3955 2597 4007 manet
2623 3967 2694 4008 ex
2722 3949 2887 4007 dictis
2927 3950 3170 4023 praeclu-

1811 4050 1973 4101 sum,·
1996 4033 2271 4106 quoniam
2318 4033 2420 4089 illa
2475 4032 2835 4104 inaequalitas
2878 4046 2951 4087 ex
3005 4036 3166 4104 parte

1812 4116 2106 4187 temporiS,
2161 4119 2217 4171 et
2260 4114 2620 4172 occasionum
2668 4128 2787 4169 non
2832 4117 2916 4168 est
2980 4129 3052 4170 ex
3102 4129 3165 4168 se

1812 4197 2009 4255 efficax
2028 4196 2098 4254 ad
2119 4196 2505 4255 inducendum
2532 4195 2795 4253 effectum
2821 4196 2882 4253 in
2916 4195 3164 4269 praedes-

1815 4280 2029 4343 tinat0;
2083 4277 2182 4335 sed
2219 4278 2268 4333 si
2308 4278 2538 4335 effectus
2580 4277 2857 4350 sequitur,
2909 4277 3037 4334 ideo
3064 4283 3167 4342 est,

1814 4359 1948 4432 quia
1970 4360 2235 4416 voluntas
2255 4363 2442 4416 creata
2457 4357 2806 4414 determinat
2826 4357 3044 4413 auxilia
3060 4356 3174 4412 sihi

1814 4442 2038 4507 collata,
2062 4447 2118 4497 et
2136 4456 2197 4498 se
2218 4441 2461 4513 applicat
2480 4439 2550 4496 ad
2571 4455 2913 4496 consensum
2935 4444 3021 4496 :et
3041 4437 3177 4512 quia

1818 4525 1966 4579 Deus
1991 4527 2121 4578 ante
2147 4538 2379 4579 omnem
2407 4522 2761 4587 electionem,
2792 4528 2849 4577 et
2886 4522 3179 4579 decretum

1817 4602 1876 4660 id
1906 4602 2161 4659 futurum
2188 4618 2310 4660 esse
2339 4602 2620 4676 praevidit,
2668 4602 2795 4659 ideo
2839 4602 2989 4658 illud
3035 4607 3178 4659 tem·

1822 4701 1924 4757 pus
1950 4682 2159 4739 dicitur
2186 4700 2503 4758 congruum
2532 4703 2544 4739 :
2573 4699 2709 4756 ergo
2747 4699 2819 4739 ex
2866 4688 3029 4757 parte
3070 4698 3177 4739 vo-

1818 4764 2057 4820 luntatis
2090 4763 2184 4819 Dei
2222 4778 2336 4820 non
2367 4764 2601 4836 ponitur
2630 4764 2691 4819 in
2712 4765 2988 4836 c1ualitas
3022 4764 3179 4820 inter

1821 4844 2305 4919 praedestinatum,
2337 4851 2393 4901 et
2421 4842 2750 4917 reprobum,
2776 4844 2874 4901 sed
2898 4850 3013 4902 tota
3038 4845 3183 4901 inae—

1819 4927 2069 4998 qualitas
2131 4926 2382 4981 sumitur
2444 4940 2515 4981 ex
2583 4934 2742 4998 part-3
2807 4925 3187 4998 praescientiae

1823 5009 2039 5065 innim
2065 5008 2267 5063 suturae
2288 5005 2601 5063 voluntatis
2623 5006 3123 5064 determinationi.
