3647 5753
455 325 566 382 280
1485 323 1578 377 DE
1618 322 1868 377 CAUSIS
1908 324 2223 381 GRATIAE.

291 518 361 559 se.
448 496 592 551 hom.
636 496 728 561 55,
758 495 833 549 ad
869 493 1158 566 populum,
1192 491 1290 547 ubi
1331 493 1429 559 ait,
1458 494 1636 549 Deum
1671 492 1811 549 dare

238 563 420 666 ffffinss&
452 573 616 631 nobis
661 574 1009 629 creationem
1057 571 1369 645 quandam,
1426 572 1489 628 in
1528 579 1809 646 qnantum

451 651 615 710 nobis
640 651 754 717 dat,
779 652 927 726 quod
952 652 1235 725 possimus
1261 654 1556 725 cooperari
1586 651 1657 708 ad
1674 652 1812 709 alio-

452 749 582 788 rum
599 731 1064 806 justificationem
1099 753 1112 787 ε
1140 731 1238 787 sed
1257 731 1585 806 justificatio
1607 730 1670 787 tit
1710 748 1812 805 per

446 813 697 887 gratiam
731 832 743 867 :
773 827 910 886 ergo
959 811 1132 867 sentit
1159 811 1447 885 Chrysost.
1481 810 1811 884 productio-

450 906 583 948 nem
611 890 810 965 gratiae
829 906 950 947 esse
968 890 1339 946 creationem.

235 998 427 1044 mmm„-
524 973 632 1030 Sed
659 972 774 1029 haec
795 971 961 1028 facile
987 972 1365 1044 explicantur.
1391 970 1476 1027 Ad
1499 987 1813 1046 argumen-

240 1049 419 1144 ,1ᾞὲῗῶ
451 1059 575 1109 tum
599 1051 991 1125 respondetur,
1019 1067 1178 1124 posse
1205 1051 1366 1106 illius
1410 1053 1533 1107 vim
1581 1051 1812 1108 retundi

423 1128 581 1192 'aliis
606 1135 912 1207 Scripturae
939 1133 1305 1199 testimoniis,
1353 1135 1418 1189 in
1443 1133 1651 1205 quibus
1685 1134 1812 1208 jus-

450 1215 685 1272 tificatio
730 1215 1049 1287 appellatur
1094 1213 1471 1289 regenerati0,
1501 1221 1558 1272 et
1611 1231 1813 1272 renas-

250 1310 417 1357 Joans.
448 1296 654 1360 centia,
688 1301 748 1350 ut
765 1297 927 1351 Joan.
961 1295 996 1348 3
1024 1294 1192 1351 :Nisi
1253 1297 1341 1350 uis
1360 1302 1585 1350 renatus
1608 1295 1814 1369 suerit:

235 1412 300 1455 Ad
314 1411 407 1453 cor.
449 1381 505 1432 et
533 1379 550 1431 l
581 1373 650 1431 ad
679 1375 937 1431 Corinth.
963 1375 1031 1429 4:
1062 1373 1169 1430 Per
1194 1313 1562 1444 lssvanqetium
1606 1392 1697 1446 eqo
1719 1392 1816 1430 vos

260 1483 405 1529 Jacob.
445 1458 627 1528 qenai.
671 1458 738 1511 Et
786 1455 979 1513 Jacobi
1017 1458 1035 1513 1
1076 1477 1089 1511 ε
1135 1455 1451 1514 Voluntaria
1497 1460 1685 1528 yenuit
1717 1475 1816 1512 nos

449 1537 608 1592 verbo
627 1538 896 1592 veritatis,
917 1539 1096 1600 Quem
1127 1535 1395 1608 loquendi
1424 1537 1659 1594 modum
1683 1537 1815 1592 imi-

247 1630 407 1688 cqncil.
451 1621 603 1673 tatur
629 1616 950 1673 Concilium
972 1615 1230 1672 Trident.
1256 1633 1384 1672 sess.
1402 1618 1458 1683 6,
1474 1635 1595 1690 cap.
1613 1618 1649 1672 3
1672 1622 1730 1673 et
1754 1618 1812 1671 4.

235 1681 422 1725 rudent.
447 1696 824 1771 Regeneratio
852 1700 1043 1751 autem
1081 1711 1196 1751 non
1223 1695 1391 1751 estin
1422 1696 1612 1770 rigore
1649 1711 1813 1752 crea-

447 1777 547 1844 tio,
576 1793 680 1833 nec
702 1777 1040 1843 concreatio,
1071 1775 1170 1832 sed
1192 1793 1321 1832 cum
1335 1775 1632 1834 eductione
1651 1776 1816 1833 coin-

447 1856 949 1914 cidit.·Dicendum
977 1871 1111 1930 ergo
1132 1861 1233 1924 est,
1268 1855 1416 1930 quod
1451 1873 1579 1913 cum
1621 1856 1815 1929 Scrip-

447 1946 577 1995 tura
614 1938 788 2003 docet,
848 1938 1096 2012 gratiam
1160 1938 1361 2006 creari,
1432 1938 1685 2009 loquitur
1744 1938 1814 1994 de

446 2018 735 2075 creatione
763 2018 992 2084 morali,
1020 2023 1304 2090 quatenus
1331 2019 1504 2075 homo
1529 2019 1658 2074 sine
1683 2033 1811 2074 me-

448 2098 578 2154 ritis
601 2097 967 2170 constituitur
1006 2098 1069 2153 in
1122 2114 1271 2154 novo
1298 2114 1418 2154 esse
1462 2097 1663 2154 divino
1677 2120 1693 2163 ς
1716 2096 1814 2154 sed

447 2195 566 2235 non
594 2177 866 2244 intendit,
901 2176 1053 2249 quod
1093 2179 1280 2252 gratia
1320 2176 1419 2233 fiat
1465 2177 1695 2250 physice
1740 2194 1811 2234 ex

450 2259 656 2328 nihilo,
691 2258 748 2316 id
765 2264 866 2325 est,
896 2275 1012 2316 non
1032 2275 1102 2315 ex
1121 2259 1529 2332 praesupposito
1542 2257 1811 2332 subjecto.

253 2368 414 2411 um),
447 2344 630 2407 Quam
654 2340 1186 2413 interpretationem
1204 2338 1360 2396 docet
1385 2341 1444 2395 D.
1468 2339 1671 2396 Thom.
1687 2357 1809 2412 sup.

448 2430 632 2500 quaest.
670 2424 687 2476 l
710 2423 791 2488 10,
816 2427 925 2477 art.
952 2422 987 2475 2
1007 2420 1082 2476 ad
1103 2420 1137 2473 3
1165 2418 1264 2475 ubi
1293 2421 1373 2476 ait
1399 2441 1411 2475 z
1443 2418 1643 2477 Gratia
1668 2420 1814 2475 dici-

449 2513 542 2560 tur
556 2506 733 2559 creari
741 2521 812 2558 ex
825 2521 902 2569 εο,
922 2503 1064 2580 qaod
1071 2503 1314 2558 homines
1324 2502 1619 2558 secundum
1635 2503 1814 2574 ipsam

447 2592 723 2651 creantur,
749 2585 808 2639 id
825 2592 921 2650 est,
952 2586 1010 2638 in
1033 2601 1171 2639 novo
1189 2600 1297 2639 csse
1317 2586 1724 2639 constituuntur
1743 2602 1814 2642 ex

447 2668 639 2734 nihilo,
697 2683 806 2721 non
845 2682 916 2720 ex
942 2667 1170 2729 meritis,
1219 2666 1514 2721 secundum
1553 2665 1695 2720 illud
1738 2665 1815 2719 ad

448 2747 500 2804 E
499 2749 649 2820 phes.
679 2748 714 2802 2
732 2765 749 2800 :
771 2745 961 2827 §reati
987 2747 1046 2801 in
1069 2746 1290 2803 Christo
1316 2745 1451 2803 lesa
1477 2747 1534 2800 in
1562 2745 1811 2818 operibus

448 2828 623 2884 boni-3.

524 2900 823 2967 Addimus,
867 2899 1216 2957 creationem
1264 2901 1328 2956 in
1368 2917 1473 2956 usu
1503 2900 1814 2972 Scripturas

450 2984 604 3038 sumi
631 2982 952 3055 specialiter
972 2999 1072 3055 pro
1086 2982 1453 3055 productione
1468 2998 1810 3053 magnarum

457 3079 672 3129 rerum,
707 3063 836 3119 licet
856 3079 924 3119 ex
954 3062 1139 3119 nihilo
1162 3079 1280 3120 non
1322 3061 1484 3119 fiant.
1533 3062 1698 3119 Unde
1737 3079 1810 3119 ex

459 3145 552 3201 his
578 3160 702 3217 quae
724 3145 868 3201 facta
891 3149 1024 3199 sunt
1039 3160 1107 3200 ex
1122 3144 1524 3218 praesupposita
1544 3144 1805 3211 materia,

462 3225 719 3293 Genes.1,
739 3225 893 3281 solus
920 3224 1110 3290 hom0,
1141 3231 1198 3282 et
1218 3230 1336 3281 cete
1353 3222 1598 3298 grandia
1622 3223 1807 3280 creari

265 3327 421 3372 nme.
455 3305 743 3372 dicuntur,
775 3313 838 3361 ut
858 3303 1186 3362 observavit
1208 3308 1271 3362 D.
1291 3306 1627 3378 Hieronym.
1649 3322 1812 3377 saper

257 3387 418 3430 mm·
455 3387 630 3443 locum
650 3388 745 3442 cit.
768 3387 843 3441 ad
863 3383 1062 3458 Ephes.
1087 3404 1208 3459 cap.
1234 3388 1270 3442 2
1290 3393 1340 3441 et
1362 3388 1422 3440 in
1442 3387 1597 3457 epist.
1619 3387 1655 3441 2
1674 3392 1724 3441 et
1751 3387 1805 3440 4.

451 3468 648 3525 Gratia
692 3471 882 3524 autem
905 3483 975 3523 ex
1018 3474 1176 3541 parte
1220 3468 1304 3531 rei
1333 3468 1492 3523 factae
1535 3471 1620 3523 est
1670 3482 1811 3539 opus

450 3552 653 3625 majus,
677 3565 850 3622 quam
869 3550 1100 3618 coelum,
1133 3555 1189 3606 et
1235 3555 1410 3619 terra,
1443 3556 1506 3605 ut
1551 3547 1711 3605 docet
1738 3550 1803 3603 D.

448 3632 652 3687 Thom.
685 3637 867 3708 quaest.
890 3647 998 3706 seq.
1031 3638 1139 3686 art.
1171 3631 1225 3685 9.
1253 3630 1528 3695 Quocirca
1553 3628 1813 3702 ejuspro-

449 3711 639 3769 ductio
662 3712 982 3784 appellatur
1004 3711 1067 3766 in
1088 3711 1381 3784 Scriptura
1421 3711 1650 3777 creatio,
1683 3709 1814 3765 licet

448 3793 522 3849 sit
544 3794 625 3860 in,
650 3799 795 3849 etex
820 3794 1225 3865 praesupposito
1245 3793 1515 3868 subjecto.

235 3886 421 3930 occurri·
525 3874 607 3929 Ad
638 3874 885 3946 primam
908 3872 1406 3931 confirmationem
1437 3871 1814 3947 respondetur

238 3937 424 4031 ,ἧὲἒῶἷῖ
450 3960 513 4013 D.
545 3956 749 4012 Thom.
803 3956 863 4010 in
911 3955 1090 4028 priori
1131 3955 1458 4012 testimonio
1489 3956 1676 4012 solum
1717 3952 1814 4008 in-

265 4038 409 4129 ggffla·
450 4036 703 4104 tendere,
735 4034 884 4109 quod
907 4037 968 4093 in
996 4035 1379 4093 destructione
1404 4037 1604 4111 gratiae
1649 4035 1811 4091 nulla

374 4116 385 4126 '
449 4119 572 4193 ejus
600 4135 750 4192 pars,
782 4123 879 4175 aut
904 4118 1114 4193 gradus
1142 4117 1490 4175 intrinsecus
1545 4131 1810 4191 perseve-

454 4204 560 4265 ret;
575 4198 725 4272 quod
745 4206 829 4255 est
844 4197 1195 4255 annihilatio
1211 4197 1407 4253 minus
1426 4199 1621 4255 stricte
1634 4196 1804 4258 dicta,

450 4286 507 4337 et
531 4279 801 4337 convenit
817 4280 991 4335 etiam
1021 4278 1223 4335 formis
1238 4278 1726 4352 corruptibilibus,
1752 4280 1818 4331 ut

374 4404 384 4421 .
452 4360 611 4418 docet
636 4358 788 4416 idem
817 4361 1083 4417 S.Doctor
1099 4361 1159 4414 in
1178 4361 1232 4427 4,
1264 4360 1392 4416 dist.
1436 4361 1517 4425 ll,
1543 4365 1727 4434 quest.
1763 4358 1810 4421 l,

449 4450 562 4499 art.
592 4444 629 4497 2
653 4441 729 4496 ad
763 4443 811 4497 l.
840 4440 946 4497 Sed
977 4456 1092 4497 non
1122 4447 1308 4516 negat,
1339 4441 1488 4513 quod
1513 4442 1700 4515 gratia
1723 4457 1818 4500 re·

450 4524 708 4581 solvatur
735 4521 798 4577 in
818 4518 1155 4594 subJ'ectum,
1181 4527 1236 4577 et
1261 4538 1429 4577 suum
1455 4534 1570 4578 non
1598 4535 1720 4578 esse
1747 4524 1810 4579 in

449 4621 517 4663 eo
539 4604 828 4675 relinquat
853 4627 867 4671 ;
890 4619 1019 4659 cum
1067 4603 1253 4676 potius
1280 4602 1338 4659 id
1385 4608 1578 4675 aperte
1602 4618 1816 4678 suppo-

453 4683 781 4743 nateisdem
810 4682 1021 4748 verbis,
1054 4700 1179 4757 quae
1218 4683 1383 4741 nobis
1420 4682 1773 4757 objiciuntur
1801 4707 1815 4741 ε

454 4763 596 4822 Cum
613 4765 819 4836 qratia,
852 4763 1057 4839 inquit,
1090 4767 1481 4837 corrumpitur,
1507 4770 1605 4819 etc.
1632 4765 1697 4820 In
1723 4780 1817 4821 se-

451 4844 636 4903 cundo
701 4845 1031 4903 testimonio
1093 4846 1282 4902 solum
1339 4843 1606 4913 intendit,
1668 4844 1818 4919 quod

452 4923 749 4998 productio
781 4925 982 5000 gratiae
1033 4925 1109 4982 sit
1158 4926 1369 4984 creatio
1406 4924 1727 4997 moraliter,
1756 4926 1818 4982 id

1944 501 2027 552 est
2054 512 2170 554 non
2198 512 2269 554 ex
2320 497 2546 553 meritis
2597 496 3040 569 praesuppositis,
3083 503 3143 550 ut
3186 496 3308 569 ipse

1946 575 2162 634 ibidem
2206 592 2471 649 expresse
2520 576 2695 634 addit.
2725 580 2793 633 Et
2838 579 2901 633 in
2951 577 3057 634 hoc
3105 576 3307 634 eodem

1945 674 2114 716 sensu
2145 660 2526 732 loquiturinl
2573 660 2648 714 ad
2686 659 2989 716 Annibald.
3031 660 3159 715 dist.
3219 661 3304 726 14,

1945 745 2128 817 quast.
2159 741 2346 805 unica,
2366 746 2477 794 art.
2495 741 2530 793 5
2554 740 2768 796 ad2.1n
2796 739 2965 796 tertio
2990 740 3178 797 solum
3203 753 3309 794 ex·-

1947 818 2123 875 cludit
2151 820 2462 891 potentiam
2494 820 2839 884 naturalem,
2864 836 2935 876 ex
2980 835 3092 892 qua
3122 819 3311 894 gratia

1947 897 2045 954 fiat
2077 920 2090 954 ε
2127 897 2226 955 sed
2255 915 2371 956 non
2399 899 2664 967 affirmat,
2709 899 2859 972 quod
2907 899 3003 956 fiat
3056 900 3312 957 absolute

1947 993 2018 1034 ex
2039 979 2227 1036 nihilo
2247 1003 2263 1045 ;
2293 979 2411 1036 imo
2431 979 2786 1036 excludendo
2807 979 2956 1052 quod
2981 979 3076 1037 fiat
3114 996 3186 1036 ex
3208 995 3312 1052 po-

1948 1060 2129 1117 tentia
2152 1061 2424 1126 naturali,
2453 1063 2643 1134 palam
2689 1063 2978 1134 supponit,
3024 1062 3176 1135 quod
3215 1060 3314 1118 fiat

1948 1155 2018 1196 ex
2045 1139 2294 1214 subJ'ecto
2336 1142 2651 1198 secundum
2686 1144 2998 1216 potentiam
3046 1141 3314 1200 obedien-

1951 1220 2169 1277 tialem.
2194 1221 2325 1279 Non
2356 1222 2533 1289 habet,
2565 1223 2773 1295 inquit,
2808 1225 2971 1278 tatem
2996 1225 3308 1288 materiam,
3347 1236 3510 1280 nfrho.

1950 1301 2009 1354 in
2031 1303 2234 1375 quasit
2271 1303 2369 1357 hoc
2408 1303 2565 1357 modo
2616 1305 2675 1358 in
2714 1305 2979 1375 potentia,
3033 1303 3177 1382 quod
3219 1319 3315 1375 per

1948 1399 2112 1453 ayens
2129 1384 2385 1438 naturate
2402 1385 2604 1440 adduci
2643 1387 2812 1456 possit
2840 1387 2899 1440 in
2943 1393 3149 1451 actam,
3178 1387 3317 1441 sicut

1948 1472 2025 1519 est
2049 1466 2116 1520 de
2139 1465 2273 1521 aliis
2297 1466 2496 1540 formis
2509 1467 2879 1524 naturalibus.

2027 1544 2192 1602 Unde
2236 1546 2695 1613 considerantes,
2738 1563 2911 1619 quam
2954 1562 3161 1620 parum
3214 1560 3315 1601 ur-

1949 1630 2120 1699 geant
2145 1626 2476 1682 testimonia
2508 1628 2570 1683 D.
2615 1627 2852 1683 Thomae
2890 1643 3015 1700 quae
3063 1642 3167 1700 pro
3211 1625 3315 1681 hac

1916 1706 2226 1778 -opinione
2271 1705 2610 1776 afferuntur,
2638 1713 2694 1764 et
2727 1724 2899 1779 quam
2942 1707 3224 1782 urgentia,
3262 1711 3319 1762 et

1952 1785 2259 1843 manifesta
2278 1787 2397 1843 sint
2418 1787 2522 1843 illa
2549 1803 2673 1859 quae
2700 1804 2803 1859 pro
2848 1794 3043 1845 nostra
3081 1792 3315 1843 senten-
3360 1832 3365 1838 .

1952 1868 2032 1924 tia
2052 1885 2204 1925 num.
2244 1870 2307 1924 16
2334 1861 2730 1941 expendimus,
2765 1886 2882 1926 non
2901 1871 3079 1927 semel
3127 1868 3317 1925 admi-

1954 1949 2063 2005 rati
2087 1965 2304 2014 sumus,
2334 1949 2483 2021 quod
2512 1955 2611 2016 tot,
2642 1956 2699 2007 et
2719 1950 2858 2009 adeo
2881 1967 3085 2025 graves
3110 1967 3182 2007 ex
3208 1965 3318 2006 an-

1949 2028 2622 2107 tiquioribusThomistis
2643 2031 2776 2087 huic
2796 2031 2946 2104 parti
2972 2029 3317 2103 subscripse·
3386 2051 3405 2068 ·

1953 2109 2090 2176 rint,
2102 2111 2417 2182 praesertim
2429 2127 2559 2166 cum
2571 2127 2771 2168 eorum
2788 2111 2985 2184 opinio
3000 2111 3331 2182 necessaria,

1951 2204 2070 2245 non
2091 2190 2169 2245 sit
2195 2189 2266 2247 ad
2302 2190 2579 2247 tuendum
2609 2192 2754 2247 alias
2799 2193 2853 2248 S.
2890 2190 3143 2248 Doctoris
3184 2205 3319 2247 sen-

1951 2269 2193 2338 t'e'ntias3
2219 2270 2323 2326 illa
2339 2272 2497 2327 enim
2520 2285 2644 2343 quae
2664 2271 2911 2327 affirmat
2929 2271 3117 2328 solum
3136 2272 3314 2327 Deum

1952 2366 2112 2423 posse
2165 2352 2564 2425 principaliter
2590 2351 2810 2410 efficere
2834 2352 3102 2426 gratiam,
3121 2352 3317 2409 salva-

1950 2437 2045 2487 tur
2068 2431 2523 2505 independenter
2546 2433 2617 2491 ab
2639 2435 2743 2491 hoc
2759 2433 3062 2506 principio,
3099 2438 3159 2488 ut
3182 2434 3311 2490 dab.

1942 2514 2167 2586 praeoed.
2221 2513 2594 2572 ostendimus.
2654 2518 2775 2571 Imo
2827 2514 3128 2589 indignum
3170 2521 3317 2571 esset

1948 2597 2291 2653 sententiam
2334 2603 2447 2653 tam
2501 2602 2713 2654 certam
2754 2597 2984 2670 alligari
3031 2595 3314 2669 principio

1949 2674 2088 2733 adeo
2116 2675 2311 2734 dubio.

2023 2754 2110 2810 Ad
2139 2756 2450 2813 secundam
2473 2755 2968 2814 confirmationem
3001 2753 3309 2827 responde·
3324 2771 3520 2816 solvitur

1949 2851 2078 2892 mus
2112 2838 2175 2893 D.
2209 2835 2752 2911 Chrysost.·imitari
2780 2834 3013 2892 modum
3043 2822 3531 2907 loquendiS⁰⁰¹¹¹¹⁶⁰·

1948 2917 2275 2987 Scripturae,
2308 2923 2362 2974 et
2388 2917 2584 2974 eodem
2614 2915 2783 2973 modo
2803 2916 3034 2988 exponi.

2020 2998 2111 3053 20.
2157 2998 2433 3071 Arguitur
2470 2994 2716 3052 secundo
2754 3017 2766 3051 z
2814 2996 2948 3067 quia
2998 2995 3185 3069 gratia
3227 3001 3313 3053 est
3348 3018 3506 3061 sccun-

1947 3076 2135 3133 forma
2158 3066 2325 3150 l'onge
2351 3075 2669 3148 perfectior,
2701 3088 2875 3147 quam
2902 3075 3102 3131 anima
3130 3075 3309 3132 ratio·
3340 3067 3519 3167 ἓξὲξ

1948 3157 2102 3212 nalis
2127 3177 2140 3212 ς
2169 3155 2266 3212 sed
2295 3156 2416 3212 haec
2464 3155 2536 3212 ob
2586 3170 2750 3210 suam
2793 3154 3200 3227 perfectionem
3247 3154 3311 3211 fit
3373 3170 3477 3210 lum.

1948 3254 2050 3311 per
2076 3237 2424 3294 creationem
2453 3258 2466 3292 ε
2495 3252 2631 3311 ergo
2650 3240 2705 3293 et
2731 3236 2938 3310 gratia.

2024 3315 2414 3373 confirmatur
2431 3318 2621 3388 primo
2639 3339 2654 3383 3
2680 3333 2815 3373 nam
2838 3316 2983 3373 actio
2997 3315 3312 3389 producens

1946 3398 2198 3473 gratiam
2240 3397 2409 3455 debet
2444 3414 2565 3455 esse
2618 3398 3112 3470 praestantissima,
3146 3399 3312 3473 juxta

1948 3477 2316 3536 nobilitatem
2357 3477 2629 3543 termini,
2679 3493 2850 3549 quem
2893 3477 3121 3552 attingit
3157 3498 3171 3534 ε
3210 3477 3309 3535 sed

1947 3559 2162 3616 creatio
2188 3564 2273 3616 est
2313 3558 2636 3632 perfectior,
2680 3574 2852 3630 quam
2880 3556 3103 3616 eductio
3135 3578 3149 3614 :
3177 3574 3312 3632 ergo

1949 3637 2242 3713 productio
2261 3639 2459 3713 gratiae
2487 3653 2604 3695 non
2629 3644 2714 3695 est
2748 3637 2988 3706 eductio,
3016 3637 3115 3695 sed
3147 3652 3312 3695 crea-

1949 3722 2046 3778 tio,

2023 3798 2414 3859 confirmatur
2433 3799 2699 3867 secundo,
2730 3800 2865 3872 quia
2902 3799 3088 3874 gratia
3114 3796 3185 3855 ab
3225 3798 3311 3854 in·
3351 3820 3496 3863 nutu.

1950 3882 2216 3945 trinseco,
2241 3886 2297 3940 et
2322 3885 2606 3953 quantum
2651 3886 2735 3936 est
2779 3878 2850 3935 de
2896 3894 2976 3943 se,
3002 3885 3087 3935 est
3123 3878 3313 3934 forma
3351 3868 3535 3963 Ῑξηξξξῖξζ

1947 3960 2417 4034 incorruptibilis
2446 3982 2461 4017 ε
2486 3977 2622 4034 ergo
2647 3959 2939 4031 corrumpi
2968 3974 3085 4014 non
3114 3959 3265 4014 valet
3296 3980 3311 4013 ι

1947 4042 2047 4099 sed
2067 4041 2309 4107 educti0,
2334 4045 2391 4098 et
2405 4040 2694 4113 corruptio
2722 4045 2921 4094 mutuo
2945 4036 3056 4093 sibi
3089 4053 3315 4095 corres—

1952 4121 2208 4195 pondent
2240 4142 2254 4177 z
2282 4137 2418 4195 ergo
2437 4121 2622 4195 gratia
2652 4118 2847 4190 nequit
2865 4116 3049 4173 educi.

2026 4201 2422 4260 confirmatur
2450 4202 2633 4267 tertio,
2658 4200 2792 4272 quia
2833 4197 2977 4254 illud
3003 4197 3151 4271 quod
3171 4198 3317 4256 edu-

1951 4283 2119 4349 citur,
2153 4281 2217 4339 fit
2240 4299 2342 4356 per
2368 4278 2908 4338 transmutationem
2924 4277 3157 4353 subjecti
3192 4279 3318 4336 :sed

1949 4364 2138 4437 gratia
2162 4361 2497 4436 producitur
2524 4361 2733 4433 absque
2759 4357 2993 4433 subjecti
3024 4364 3319 4416 transmu-

1951 4444 2183 4511 tatione,
2198 4430 2264 4499 ‘ut
2286 4447 2435 4517 patet
2451 4440 2760 4515 inAngelis
2776 4463 2789 4505 ;
2808 4444 3143 4511 receperunt
3156 4440 3316 4495 enim

1950 4525 2200 4599 gratiam
2229 4524 2441 4596 absque
2461 4524 2580 4579 nlla
2629 4523 2771 4579 reali
2814 4521 3312 4588 transmutatione,

1953 4605 2237 4678 siquidem
2264 4619 2562 4676 nunqnam
2589 4602 2827 4659 fuerunt
2858 4600 2966 4657 sub
2984 4619 3094 4658 non
3112 4619 3220 4659 esse
3240 4602 3317 4658 il-

1953 4682 2068 4741 lius
2099 4700 2272 4759 aergo
2297 4683 2482 4760 gratia
2505 4698 2623 4740 non
2643 4681 2707 4738 fit
2730 4699 2829 4756 per
2852 4681 3238 4747 eductionem.

2027 4764 2113 4820 Ad
2162 4769 2568 4839 argumentum
2619 4762 3010 4836 respondetur,
3067 4761 3316 4837 gratiam
3331 4795 3523 4841 Diluitur

1952 4861 2076 4903 esse
2105 4845 2505 4918 perfectiorem
2529 4845 2725 4901 anima
2742 4842 3010 4900 rationali
3033 4846 3313 4915 quantum
3334 4855 3521 4941 &gal-m

1955 4925 2027 4983 ad
2053 4926 2320 5000 speciem,
2350 4941 2451 4985 seu
2480 4924 2799 4999 praedicata,
2829 4940 2954 4996 quae
2980 4922 3313 4998 participat}
3526 4928 3537 4938 ·

3156 5021 3317 5064 secus
