3647 5753
81 1130 287 1184 neptim.

78 2198 292 2252 Dispelli·

138 2254 226 2294 tur.

92 4485 256 4527 Secun-

73 4533 176 4576 dum
199 4543 263 4576 ar-

90 4591 262 4636 gumen·

124 4638 212 4678 tum

1454 480 1631 537 DISP.
1675 482 1769 550 IV,
1814 482 1980 542 DUB.
2024 486 2117 543 IV.
3053 505 3167 562 747

309 653 445 714 gere
465 645 660 699 tamen
683 643 829 700 illud
859 647 1259 716 materialiter,
1286 650 1350 706 in
1389 655 1669 724 quantum

307 720 401 777 sui
429 729 737 798 augmento
787 727 1036 784 ostendit
1074 737 1448 804 augmentum
1476 732 1670 789 chari-

308 803 462 873 tatis,
491 806 583 863 vel
612 806 768 863 modi
791 808 930 881 ejuS,
960 826 1061 883 per
1100 829 1270 886 quem
1318 814 1671 871 informatur

312 886 581 957 praedicta
612 884 869 955 bonitas;
897 907 1001 948 nec
1025 893 1184 949 enim
1213 898 1395 966 potest
1422 910 1539 952 non
1568 896 1689 969 ali-⁴

311 984 423 1042 quo
443 967 613 1025 modo
641 971 837 1043 augeri
869 973 1074 1042 forma,
1101 974 1199 1031 ubi
1228 978 1463 1050 propria
1485 984 1669 1035 mate-

315 1048 402 1104 ria
426 1055 684 1123 augetur.
846 1067 859 1070 “

388 1133 483 1186 56.
501 1127 835 1197 Nec'refert,
868 1134 1016 1207 quod
1044 1135 1198 1195 idem
1225 1140 1583 1214 Ang.Doctor
1609 1143 1669 1195 in

312 1215 367 1280 3,
397 1214 527 1270 dist.
554 1215 644 1280 30,
678 1224 858 1288 quast.
890 1219 936 1282 1,
967 1226 1075 1274 art.
1102 1221 1157 1279 3.
1188 1220 1401 1277 dixerit
1423 1238 1666 1295 parvum

310 1309 452 1367 opus
478 1310 549 1351 ex
572 1312 780 1371 magna
803 1297 1081 1357 charitate
1103 1302 1314 1358 factum
1335 1318 1458 1360 esse
1484 1306 1668 1378 magis

311 1377 697 1443 meritorium,
718 1396 890 1451 quam
915 1396 1189 1457 magnum
1212 1400 1282 1440 ex
1307 1400 1484 1457 parva
1502 1407 1515 1441 ε
1532 1402 1667 1460 ergo

310 1465 490 1532 potest
510 1460 758 1518 charitas
782 1478 1018 1522 manere
1041 1483 1240 1538 parva,
1271 1472 1329 1523 et
1367 1482 1485 1524 non
1513 1485 1668 1526 cres·-

308 1556 452 1608 cere,
480 1541 704 1598 etiamsi
738 1549 908 1609 actuS,
954 1561 1123 1618 quem
1152 1548 1419 1620 imperat,
1459 1565 1665 1625 augea-

311 1631 423 1689 tur,
455 1630 511 1681 et
531 1625 604 1680 sit
626 1625 792 1683 valde
815 1628 1114 1699 perfectus,
1142 1631 1211 1685 Et
1238 1633 1298 1685 in
1322 1632 1506 1687 eadem
1533 1634 1665 1690 dist.

307 1699 385 1754 ad
403 1698 805 1766 Annibaldum,
835 1708 946 1758 art.
976 1705 1031 1769 4,
1064 1704 1303 1777 loquens
1347 1705 1418 1763 de
1449 1707 1668 1764 actibus

309 1779 560 1836 aliarum
585 1781 886 1847 virtutum,
944 1798 1312 1857 asserensque
1357 1787 1553 1861 augeri
1596 1786 1667 1844 ad

304 1876 507 1918 eorum
537 1869 908 1937 augmentum
938 1865 1215 1922 meritum
1246 1869 1470 1940 praemii
1519 1870 1668 1926 acci-

304 1941 573 2006 dentalis,
618 1946 793 2001 simul
819 1951 988 2020 negat
1010 1949 1208 2022 augeri
1237 1949 1513 2006 meritum
1545 1966 1667 2007 res-

307 2027 852 2095 pectu.essentialis;
904 2029 1009 2086 hoc
1056 2036 1248 2087 autem
1290 2047 1419 2088 cum
1473 2038 1667 2091 nostra

305 2106 686 2178 explicatione
715 2126 833 2167 non
859 2113 999 2169 satis
1026 2113 1271 2172 cohaeret
1303 2137 1316 2172 ε
1345 2131 1502 2189 ergo.

384 2190 777 2260 Respondetur
798 2193 956 2248 enim
979 2194 1037 2249 S.
1068 2196 1363 2252 Doctorem
1389 2196 1453 2251 in
1477 2196 1666 2268 primo

306 2283 376 2324 ex
397 2268 490 2324 his
508 2272 851 2329 testimoniis
874 2289 974 2345 per
995 2289 1267 2349 magnam
1303 2277 1662 2343 charitatem,

208 2393 213 2399 .
308 2365 379 2406 ex
400 2367 508 2421 qua
527 2351 588 2406 fit
609 2369 849 2424 parvum
874 2369 1034 2426 opuS,
1062 2372 1179 2413 non
1202 2356 1532 2431 intelligere
1549 2373 1667 2414 mo-

307 2429 466 2496 dum,
499 2448 598 2488 seu
629 2433 875 2490 formam
897 2436 1212 2499 charitatis.
1234 2454 1524 2511 perquam
1550 2439 1666 2495 im-

308 2509 559 2569 mediate
585 2514 953 2582 informatur,
969 2520 1025 2572 et
1037 2516 1276 2573 efficitur
1293 2520 1665 2577 meritorium

306 2591 643 2662 praedictum
667 2611 808 2668 opus
830 2620 842 2662 ;
867 2595 964 2652 sed
989 2602 1175 2653 actum
1204 2598 1497 2655 intensum
1526 2601 1665 2657 cha-

307 2671 516 2739 ritatiS,
543 2690 612 2732 ex
634 2691 744 2747 quo
767 2691 906 2748 opus
930 2677 1072 2733 illud
1100 2695 1345 2751 parvum
1394 2697 1523 2737 cum
1568 2681 1664 2737 in-

302 2751 652 2812 formatione
678 2761 734 2812 et
761 2755 931 2814 modo
976 2758 1271 2815 charitatis
1315 2759 1427 2815 sibi
1456 2761 1661 2833 aequali

302 2836 572 2909 procedit.
593 2839 862 2895 Etsolum
878 2840 1146 2907 intendit,
1166 2840 1312 2916 quod
1331 2842 1663 2917 accipiendo

300 2918 628 2992 hujusmodi
657 2938 798 2994 opus
822 2938 1063 2994 parvum
1086 2923 1261 2979 simul
1290 2940 1419 2980 cum
1451 2942 1661 3000 magno

299 3000 402 3057 illo
429 3007 553 3056 actu
601 3003 915 3071 charitatis,
984 3011 1070 3062 est
1115 3005 1197 3061 ibi
1247 3006 1374 3078 plus
1426 3008 1654 3075 meriti,

295 3099 469 3156 quam
521 3086 583 3142 in
613 3087 726 3144 alio
754 3104 963 3162 magno
1003 3104 1174 3160 opere
1221 3088 1547 3161 procedenti
1589 3089 1660 3147 ab

298 3170 424 3221 actu
446 3166 742 3224 charitatis
773 3169 1033 3236 remisso,
1064 3170 1241 3225 simul
1294 3171 1575 3242 sumptis;
1604 3176 1661 3226 et

295 3245 444 3318 quod
474 3249 711 3322 majoris
738 3250 931 3305 meriti
954 3254 1039 3305 est
1069 3249 1327 3305 intensus
1356 3256 1509 3304 actus
1530 3249 1659 3305 cha·

300 3327 489 3382 ritatis
533 3345 663 3384 cum
712 3343 890 3400 parvo
929 3343 1118 3400 opere,
1175 3344 1349 3399 quam
1381 3329 1658 3384 remissus

293 3423 425 3463 cum
481 3424 710 3481 magno.
768 3409 927 3473 Quod
973 3407 1344 3464 verissimum
1394 3414 1496 3477 est,
1556 3424 1659 3465 nec

297 3488 462 3545 nobis
492 3488 547 3546 id
577 3489 765 3555 officit,
810 3491 1084 3562 quoniam
1124 3490 1218 3547 hic
1255 3507 1515 3549 excessus
1539 3506 1655 3548 non

295 3568 367 3643 ad
408 3569 678 3635 formam,
734 3572 829 3627 vel
853 3569 1089 3627 modum
1117 3571 1432 3637 charitatis,
1458 3571 1556 3629 sed
1585 3572 1655 3628 ad

293 3650 416 3723 ejus
444 3654 628 3705 actum
664 3649 1017 3707 reducendus
1041 3656 1142 3708 est.

370 3733 436 3787 ln
463 3731 711 3789 secundo
738 3748 875 3789 vero
914 3733 1242 3792 testimonio
1288 3734 1544 3808 loquitur
1584 3736 1648 3791 D.

294 3812 499 3870 Thom.
526 3812 596 3870 de
616 3828 700 3879 e0,
734 3812 805 3869 ad
823 3813 982 3887 cujus
1010 3819 1382 3888 augmentum
1412 3820 1654 3890 augetur

293 3896 568 3953 meritum
599 3899 851 3966 respectu
894 3897 1116 3967 praemii
1158 3898 1483 3954 essentialis
1536 3897 1651 3952 im-

294 3975 561 4041 mediate,
594 3981 647 4031 et
674 3975 999 4033 formaliter
1020 4001 1034 4044 ;
1057 3982 1112 4034 et
1131 3979 1269 4050 quia
1297 3993 1417 4036 non
1443 3978 1524 4034 sic
1546 3994 1653 4035 au-

291 4063 457 4132 getur
496 4057 566 4113 ad
614 4062 985 4132 augmentum
1017 4064 1225 4124 actum,
1275 4062 1332 4116 et
1374 4057 1651 4115 bonitatis

293 4143 541 4198 aliarum
572 4142 872 4207 virtutum,
897 4140 996 4198 sed
1018 4142 1207 4198 solum
1243 4141 1645 4211 materialiter,

293 4226 355 4277 ut
379 4221 592 4278 dictum
618 4229 720 4287 est,
755 4222 937 4294 potuit
965 4237 1174 4297 negare
1213 4222 1474 4281 absolute
1502 4238 1651 4296 prae-

292 4301 505 4359 dictum
551 4304 826 4360 meritum
862 4305 1060 4378 augeri
1099 4303 1169 4359 ad
1222 4304 1464 4361 illorum
1509 4319 1651 4377 aug—

292 4390 574 4441 mentum.

351 4465 734 4523 57.Probatur
750 4465 957 4522 deinde
969 4466 1384 4523 haecsententia
1401 4466 1643 4534 ratione,

292 4548 426 4621 quia
454 4566 623 4617 unuS,
649 4556 703 4606 et
724 4549 876 4606 idem
902 4554 1074 4617 actua,
1104 4555 1159 4606 et
1177 4548 1493 4606 secundum
1516 4565 1650 4607 ean·

292 4632 425 4689 dem
447 4634 759 4690 bonitatem
795 4649 913 4689 non
942 4637 1124 4705 potest
1162 4633 1409 4691 fundare
1436 4633 1650 4706 duplex

291 4716 566 4772 meritum
589 4718 830 4772 omnino
848 4715 1319 4774 distinctumesed
1342 4722 1496 4773 actus
1513 4716 1650 4772 alia-

293 4812 425 4852 rum
455 4798 735 4854 virtutum
763 4798 1075 4855 secundum
1100 4798 1394 4872 propriam
1419 4797 1650 4854 bonita-

288 4885 407 4938 tem
462 4880 710 4937 fundant
760 4880 1036 4937 meritum
1098 4885 1352 4953 respectu
1424 4880 1648 4953 praemii

290 4959 654 5018 accidentalis
702 4978 733 5017 a
780 4961 990 5018 merito
1042 4962 1268 5035 praemii
1327 4962 1649 5017 essentialis

288 5042 531 5099 omnino
552 5042 883 5098 distinctum
919 5058 1090 5118 :ergo
1117 5049 1405 5115 nequeunt
1442 5059 1650 5099 secun-

287 5122 429 5179 dum
457 5121 699 5180 eandem
728 5122 1042 5180 bonitatem
1083 5123 1326 5180 fundare
1375 5124 1649 5180 meritum

1803 656 2029 727 praemii
2050 661 2393 730 essentialis,
2445 669 2612 740 atque
2652 669 2792 728 adeo
2842 688 3025 747 neque
3053 677 3166 734 hu-

1794 735 2049 809 jusmodi
2098 744 2371 812 meritum
2403 762 2503 819 per
2522 765 2584 806 se
2605 753 2905 827 augebitur
2930 757 2999 814 ad
3023 775 3166 835 aug-

1801 824 2065 876 mentum
2095 823 2378 894 praedictae
2400 827 2690 890 bonitatis,

1875 900 2276 975 Respondetur
2327 925 2398 966 ex
2438 912 2624 980 dictis„
2670 919 2950 992 majorem
2972 925 3160 982 solum

1799 998 1923 1041 esse
1949 1001 2148 1043 veram
2175 990 2404 1061 quando
2453 995 2656 1055 eadem
2710 1000 2936 1061 bonitas
2961 1007 3160 1065 eodem

1802 1080 2037 1136 prorsus
2086 1070 2255 1127 modo
2304 1073 2371 1129 ad
2409 1075 2621 1150 duplex
2685 1081 2830 1139 illud
2885 1077 3158 1146 meritum

1799 1154 2183 1219 comparatur,
2214 1170 2311 1210 seu
2340 1158 2566 1228 quando
2597 1166 2904 1239 utrumque
2957 1169 3160 1229 fundat

1801 1230 2081 1300 proxime,
2107 1237 2162 1289 et
2183 1234 2535 1305 immediate,
2568 1247 2623 1299 et
2650 1249 2713 1299 ut
2741 1248 2886 1305 ratio
2936 1250 3159 1309 forma·

1802 1309 1873 1365 lis
1901 1312 2232 1386 utriusque:
2263 1333 2421 1375 secus
2451 1328 2641 1382 autem
2666 1331 2895 1400 quando
2919 1350 3157 1408 compa-

1799 1395 1965 1447 ratur
1991 1393 2061 1450 ad
2084 1395 2187 1452 illa
2208 1396 2436 1459 diverso
2480 1406 2670 1473 modo,
2703 1416 2766 1466 ut
2793 1412 2856 1467 in
2887 1417 3155 1484 praesenti

1797 1475 2112 1550 contingit3
2161 1494 2298 1536 nam
2338 1482 2408 1538 ad
2448 1488 2724 1547 meritum
2754 1497 2979 1566 praemii
3010 1499 3160 1555 acci-

1797 1554 2046 1613 dentalis
2072 1570 2438 1635 comparatur
2484 1566 2709 1629 bonitas
2741 1576 2991 1634 aliarum
3030 1582 3158 1638 vir-

1799 1642 1987 1694 tutum
2058 1645 2342 1714 proxime,
2398 1653 2454 1705 et
2492 1649 2828 1715 immediate
2880 1664 3155 1733 tanquam

1801 1718 1949 1774 ratio
1974 1720 2096 1793 ejus
2123 1722 2416 1796 formalis;
2440 1728 2511 1785 ad
2534 1736 2810 1793 meritum
2838 1755 2976 1797 vero
3008 1759 3157 1815 prae-

1798 1798 1905 1854 mii
1933 1804 2255 1861 essentialis
2296 1807 2466 1866 habet
2508 1828 2569 1868 se
2622 1818 2805 1891 magis
2834 1831 3069 1890 remote,
3102 1830 3158 1882 et

1798 1894 1903 1951 per
1931 1880 2167 1939 modum
2196 1890 2474 1957 materiae,
2509 1898 2572 1949 ut
2596 1899 2944 1970 explicatum
2974 1910 3074 1963 est.

1874 1962 1959 2017 Ex
1998 1961 2163 2021 dictis
2210 1967 2273 2024 in
2319 1970 2422 2028 hoc
2469 1974 2644 2034 dubio
2682 1989 2878 2039 manet
2902 1987 3154 2044 solutum

1797 2044 2035 2102 tertium
2079 2047 2224 2104 illud
2265 2064 2671 2128 argumentum
2705 2063 2871 2138 Vasq'.
2925 2070 3052 2129 dub.
3107 2075 3150 2142 1,

1797 2126 1965 2199 liujus
1983 2129 2389 2203 disputationis.
2419 2157 2572 2200 num.
2627 2147 2719 2215 21,
2773 2153 3152 2224 propositum,

1797 2210 1959 2283 cujus
1995 2213 2343 2275 solutionem
2373 2221 2436 2278 in
2477 2223 2631 2281 hunc
2683 2227 2868 2286 locum
2918 2236 3156 2293 remisi-

1798 2305 1961 2356 mus;
2011 2303 2319 2370 manetque
2367 2302 2714 2364 sufficienter
2785 2314 3153 2385 explicatum,

1797 2375 2083 2443 quomodo
2133 2380 2487 2451 informatio,
2519 2393 2575 2445 et
2605 2391 2808 2450 relatio
2858 2396 3158 2457 charitatis

1798 2459 2162 2515 nontantum
2184 2461 2547 2534 sitconditio,
2602 2476 2662 2527 ut
2707 2479 2863 2531 actus
2902 2477 3157 2537 aliarum

1796 2533 2081 2594 virtutum
2104 2541 2222 2597 sint
2242 2546 2548 2616 meritorii,
2581 2557 2636 2608 et
2659 2556 2842 2629 magis
2862 2559 3155 2619 meritorii

1797 2626 2052 2690 respectu
2103 2621 2496 2696 beatitudinis,
2541 2638 2603 2688 ut
2657 2641 2928 2696 nonnulli
2982 2649 3156 2701 autu-

1796 2705 1959 2755 mant
1979 2724 1991 2768 ;
2015 2703 2110 2759 sed
2139 2707 2312 2764 etiam
2332 2710 2409 2766 sit
2435 2713 2600 2780 ratio,
2620 2723 2674 2772 et
2695 2734 2861 2777 causa
2886 2722 3153 2783 formalis

1795 2780 2048 2851 praedicti
2077 2788 2292 2857 meriti,
2319 2793 2688 2871 praedictique
2715 2808 3029 2876 augmenti.

2258 2988 2542 3047 DUBIUM
2594 2995 2684 3052 lv,

1797 3128 1997 3187 Utrum
2040 3133 2220 3203 major
2265 3137 2476 3201 qratia,
2530 3138 2615 3192 vel
2657 3139 2904 3197 charitas
2929 3147 3148 3215 praecise

2040 3210 2346 3268 habitualis
2371 3224 2569 3286 anyeat
2595 3222 2850 3277 meritum
2872 3225 2903 3278 P

1864 3356 1991 3410 Non
2014 3354 2329 3430 incongrue
2350 3363 2645 3432 postquam
2667 3362 2892 3436 egimus
2920 3366 2990 3424 de
3013 3385 3148 3446 aug-

1788 3440 1983 3493 mento
1995 3436 2192 3507 meriti
2207 3453 2278 3495 ex
2303 3448 2608 3514 augmento
2628 3448 2867 3503 actualis
2889 3448 3146 3510 influxus

1787 3517 2103 3583 charitatis„
2130 3524 2186 3575 et
2210 3522 2425 3595 gratiae,
2457 3539 2552 3579 seu
2586 3526 3021 3589 informationis
3043 3551 3146 3592 ea-

1789 3614 1940 3661 rum,
1973 3598 2043 3655 de
2065 3598 2183 3655 illis
2202 3602 2517 3659 secundum
2558 3622 2619 3663 se
2664 3609 3040 3681 inquirimus,
3069 3631 3145 3672 an

1785 3695 1988 3736 earum
2011 3687 2381 3754 augmentum
2404 3685 2619 3756 precise
2647 3689 2940 3750 habituale
2962 3697 3146 3752 meri-

1786 3766 1910 3816 tum
1939 3767 2138 3834 augeat
2160 3785 2172 3827 ;
2197 3762 2276 3818 ita
2304 3769 2365 3818 ut
2385 3767 2603 3823 caeteris
2628 3771 2879 3842 paribuS,
2899 3790 2968 3830 ex
2987 3783 3146 3848 parte

1785 3847 1939 3898 actus
1966 3857 2105 3914 opus
2132 3841 2291 3898 illius
2310 3843 2386 3898 sit
2412 3847 2596 3921 magis
2624 3851 3014 3919 meritorium,
3042 3860 3139 3930 qui

1785 3923 1956 3980 habet
1982 3925 2259 3998 majorem
2287 3926 2624 3988 charitatem
2666 3932 3042 4005 habitualem,
3089 3947 3147 3996 et

1783 4005 2064 4080 majorem
2091 4007 2362 4081 gratiam.

2401 4191 2530 4258 §1-

1931 4326 2146 4383 Decisio
2171 4327 2328 4384 dubii
2345 4344 2418 4384 ea:
2438 4337 2611 4387 mente
2631 4330 2706 4388 D.
2737 4332 2786 4390 T
2780 4334 2967 4394 homa.

1854 4469 1946 4524 58.
1977 4466 2287 4524 Dicendum
2308 4471 2410 4532 est,
2437 4469 2715 4542 majorem
2742 4472 3012 4545 gratiam,
3045 4475 3138 4532 vel
3150 4472 3330 4565 0032111·

1779 4550 2114 4607 charitatem
2140 4549 2374 4622 praecise
2396 4548 2748 4609 habitualem
2777 4570 2894 4612 non
2916 4555 3140 4614 efficere

1779 4633 1965 4706 majus
1992 4635 2285 4696 meritum,
2319 4648 2421 4689 nec
2448 4648 2654 4707 augere
2681 4635 2829 4691 illud
2870 4652 2940 4694 ex
2978 4647 3140 4710 parte

1780 4713 2002 4786 praemii
2032 4713 2385 4781 essentialis3
2411 4730 2616 4788 augere
2638 4721 2833 4774 tamen
2856 4721 3137 4778 meritum

1781 4801 2033 4867 respectu
2090 4796 2314 4869 praemii
2369 4796 2753 4854 accidentalis,
2802 4802 2871 4855 Et
2912 4800 3140 4859 videtur

1778 4876 2068 4934 conclusio
2093 4876 2274 4950 quoad
2304 4883 2606 4951 utramque
2656 4886 2877 4952 partem
2906 4899 3028 4941 esse
3070 4886 3137 4940 D.

1780 4959 1986 5016 Thom.
2014 4960 2074 5013 in
2097 4961 2149 5024 3,
2183 4960 2313 5017 dist.
2345 4962 2432 5028 30,
2463 4969 2645 5039 quast.
2707 4965 2751 5027 l,
2797 4970 2906 5021 art.
2952 4967 3006 5031 5,
3040 4966 3139 5023 ubi

1780 5042 1845 5099 in
1866 5041 2151 5097 solutione
2173 5039 2241 5095 ad
2265 5043 2320 5107 5,
2344 5042 2424 5097 sic
2446 5042 2526 5097 ait
2554 5062 2567 5097 :
2599 5063 2623 5093 α
2647 5043 2817 5099 Actus
2837 5060 2906 5100 ex
2932 5046 3142 5120 majori

1791 5144 1817 5175 α
1847 5121 2124 5178 charitate
2152 5119 2460 5193 procedens
2486 5121 2684 5177 minus
2727 5123 3006 5191 intensuS,
3057 5134 3144 5183 est.

3194 2004 3323 2057 Vasq.
