3647 5753
1421 371 1601 429 DISP.
1643 372 1765 438 v11,
1812 372 1975 429 DUB.
2022 374 2121 428 111.
3084 374 3162 429 45

265 544 726 614 discretionem,
744 548 842 605 sed
861 548 1046 606 solum
1077 564 1178 620 per
1204 548 1481 614 accidens,
1506 563 1666 605 nem-

268 640 345 698 pe
365 632 433 681 ut
460 628 732 684 salvetur
751 628 852 685 Dei
869 627 1229 702 providentia
1267 628 1418 685 nihil
1444 628 1664 685 confert

268 701 350 760 ad
378 705 730 779 praedictam
752 707 1169 775 discretionem,
1201 723 1306 765 nec
1332 709 1484 765 valet
1511 707 1660 763 vita-

269 803 339 844 re
371 788 756 847 inflationem
777 789 1031 847 hominis
1057 789 1498 857 consentientis3
1527 789 1661 862 quia

272 869 430 926 Deus
448 870 628 944 juxta
660 870 808 927 hanc
827 868 1148 927 doctrinam
1193 885 1312 927 non
1366 869 1655 937 disoernit,

263 947 371 1005 sed
404 954 645 1005 tantum
683 950 906 1021 praescit
928 949 1329 1006 discretionem
1376 949 1653 1007 futuram.

273 1028 449 1086 Unde
488 1031 682 1086 Paulo
712 1030 1045 1103 requirenti,
1080 1029 1218 1102 Quis
1263 1036 1311 1085 te
1354 1030 1661 1087 discernit?

271 1109 663 1183 responderet
679 1111 851 1167 homo
868 1132 880 1165 :
901 1112 1048 1186 Ergo
1063 1126 1156 1168 me
1171 1109 1658 1185 discerno,quam-

266 1192 358 1248 vis
386 1195 544 1250 Deus
599 1210 694 1250 me
728 1193 982 1266 posuerit
1022 1194 1086 1249 in
1132 1209 1198 1251 ea
1244 1194 1558 1261 occasione,
1591 1195 1655 1250 in

266 1289 380 1347 qua
405 1289 506 1330 me
534 1290 615 1331 ex
659 1290 754 1331 me
785 1273 1166 1331 discreturum
1202 1274 1325 1331 fore
1348 1275 1648 1347 praiscivit.

131 1355 256 1401 etata-
341 1355 442 1408 65.
466 1356 627 1410 Tum
667 1352 935 1427 denique,
985 1370 1122 1410 nam
1168 1355 1216 1411 si
1260 1353 1653 1411 infallibilitas

130 1410 233 1501 ξξῖῗ
270 1434 645 1501 antecedenS,
678 1450 801 1508 quae
826 1435 896 1491 de
923 1434 1067 1492 facto
1088 1435 1275 1501 datur,
1309 1450 1426 1493 non
1456 1434 1655 1508 requi-

130 1504 247 1597 ἓξὲξ·
273 1516 424 1573 ritur
451 1533 562 1590 per
599 1533 664 1573 se
691 1516 763 1573 ad
789 1531 1149 1585 consensum,
1180 1515 1279 1572 sed
1323 1516 1512 1572 solum
1551 1534 1651 1574 co-

130 1603 234 1646 ›ezri-
268 1597 515 1654 mitatur
544 1598 724 1654 illum
748 1613 846 1670 per
865 1596 1157 1664 accidens;
1180 1602 1236 1653 et
1254 1597 1442 1653 solum
1465 1597 1653 1671 requi-

130 1652 256 1747 ’ἐξ
269 1676 421 1733 ritur
447 1693 526 1734 ex
554 1676 679 1734 alio
712 1677 914 1750 capite,
939 1675 1208 1733 videlicet
1246 1674 1317 1732 ad
1346 1676 1649 1744 vitandum

130 1761 233 1845 {5²3
770 1837 781 1847 .
1319 1836 1330 1846 .
1470 1837 1481 1848 .

130 1850 238 1895 tatio-
265 1852 623 1894 concursum
650 1835 917 1893 exhibeat
949 1857 963 1892 z
993 1851 1128 1912 ergo
1157 1835 1424 1909 praedtcta
1466 1837 1647 1893 infal-

130 1902 513 1993 ,fflfftibilitas
544 1921 806 1990 respectu
842 1916 1184 1981 mediorum,
1221 1932 1321 1990 per
1345 1934 1472 1990 quae
1497 1934 1646 1990 prae-

268 1770 341 1813 ne
367 1759 522 1814 Deus
562 1773 731 1822 caeco,
780 1761 838 1812 et
875 1755 1229 1829 imprudenti
1271 1755 1441 1813 modo
1478 1773 1648 1813 suum

263 1996 580 2055 destinatio
638 1996 1007 2070 adimpletur,
1063 1997 1213 2053 nihil
1267 1997 1426 2053 addit
1470 2014 1647 2070 supra

265 2078 701 2152 providentiam
749 2094 1115 2135 communem
1163 2078 1386 2136 ordinis
1422 2080 1639 2154 gratiae,

260 2160 384 2216 sive
408 2162 489 2231 (et
528 2159 600 2216 in
646 2158 798 2215 idern
830 2158 996 2231 redit)
1022 2176 1198 2232 supra
1238 2160 1456 2215 auxilia
1483 2160 1643 2216 suffi—

261 2239 474 2296 cientia
503 2245 631 2295 tam
662 2237 938 2311 reprobiS,
964 2255 1136 2312 quam
1165 2239 1358 2296 electis
1377 2256 1642 2297 commu-

265 2321 383 2386 nia,
417 2320 533 2376 nisi
560 2320 984 2392 praescientiam
1007 2319 1186 2376 futuri
1207 2325 1462 2377 eventus
1483 2323 1643 2378 Patet

263 2401 700 2473 consequentia,
732 2401 868 2472 quia
894 2400 944 2455 si
970 2399 1107 2472 quid
1131 2416 1308 2472 supra
1330 2402 1432 2458 illa
1463 2417 1640 2474 praes-

264 2480 537 2537 cientiam
575 2478 836 2546 adderet,
868 2480 1121 2536 maxime
1148 2481 1402 2554 aliquam
1433 2497 1638 2539 causa-

267 2560 503 2629 litatem,
536 2567 598 2618 et
625 2558 911 2616 influxum
940 2559 1002 2615 in
1028 2577 1386 2637 consensum,
1416 2569 1472 2619 et
1493 2564 1636 2621 alios

263 2647 434 2709 actuS,
477 2641 698 2714 quibus
744 2641 909 2697 electi
945 2641 1008 2697 in
1048 2642 1272 2715 justitia
1300 2659 1635 2716 persevera-

264 2727 388 2778 rent
422 2742 435 2777 :
464 2722 778 2778 causalitas
804 2726 1016 2789 autem,
1060 2727 1115 2778 et
1135 2721 1404 2778 'influxus
1432 2739 1548 2780 non
1575 2741 1635 2782 se

261 2800 470 2858 habent
518 2817 629 2874 per
657 2801 935 2867 accidens,
979 2807 1033 2858 et
1073 2803 1523 2862 concomitanter
1563 2803 1634 2861 ad

250 2882 537 2951 effectum,
570 2882 674 2939 sed
700 2899 800 2955 per
813 2900 888 2949 se,
907 2884 1046 2940 etin
1071 2884 1295 2942 ratione
1319 2886 1588 2961 principii
1617 2909 1630 2943 ε

259 2980 425 3035 quam
456 2970 661 3020 tamen
691 2964 1050 3037 perseitatem
1067 2966 1273 3021 nolunt
1298 2965 1631 3025 Adversarii

262 3042 568 3100 concedere
581 3041 996 3099 infallibilitati
1008 3043 1361 3102 antecedenti
1379 3053 1631 3119 respectu

255 3137 568 3179 consensus
601 3121 794 3179 liberi:
811 3123 1052 3179 Falsitas
1075 3129 1265 3181 autem
1286 3140 1632 3198 consequen·

263 3202 334 3257 tis
382 3202 713 3261 ostenditur
760 3206 958 3276 primo,
1018 3205 1154 3277 quia
1207 3206 1631 3278 praedestinatio

260 3284 571 3341 secundum
610 3283 1009 3343 definitionem
1038 3286 1307 3344 traditam
1339 3305 1372 3345 a
1415 3292 1476 3345 D.
1509 3293 1630 3347 Au-

251 3366 500 3437 gustino,
526 3372 585 3422 et
618 3365 928 3422 admissam
968 3369 1356 3425 communiter
1383 3387 1416 3426 a
1443 3371 1632 3429 Theo-

263 3443 421 3518 logis,
466 3452 552 3502 ωε
581 3446 959 3519 praescientia,
990 3453 1047 3502 et
1086 3450 1425 3521 praeparatio
1453 3449 1631 3508 bene-

171 3549 174 3558 ·
268 3521 521 3582 ficiorum
551 3527 673 3590 Dei,
705 3525 910 3599 quibus
949 3528 1264 3585 certissime
1305 3528 1631 3588 liberantur

265 3605 609 3680 quicumque
656 3606 1016 3665 liberantur:
1056 3624 1192 3682 ergo
1233 3609 1630 3669 infallibilitas

276 3685 370 3741 illa
389 3687 732 3746 antecedens
748 3694 1002 3760 respectu
1030 3690 1370 3758 mediorum,
1388 3708 1487 3764 per
1506 3710 1630 3766 quae

279 3767 659 3837 praedestinati
699 3769 1019 3836 salvantur,
1073 3786 1190 3827 non
1251 3771 1409 3828 addit
1455 3790 1628 3846 supra

271 3861 631 3905 communem
677 3847 1102 3920 providentiam
1153 3852 1379 3909 ordinis
1424 3854 1629 3928 gratiae

275 3942 484 3986 meram
514 3931 935 4003 praescientiam
952 3933 1049 3990 Dei
1073 3931 1144 3988 de
1169 3940 1379 3991 eventu
1411 3936 1624 4002 future,

267 4007 367 4063 sed
389 4011 771 4067 certissimam
811 4013 1224 4078 causalitatem,
1255 4019 1312 4071 et
1338 4014 1627 4073 influxum

281 4087 336 4143 in
384 4090 585 4155 illum:
636 4092 780 4148 alias
827 4109 944 4150 non
991 4092 1204 4151 diceret
1256 4098 1624 4169 Augustinus,

267 4169 412 4241 quod
432 4171 596 4228 electi
619 4171 739 4227 illis
761 4172 965 4229 mediis
983 4176 1278 4230 certissime
1300 4175 1624 4243 liberantur,

268 4248 365 4305 sed
408 4250 554 4323 quod
603 4251 867 4309 homines
895 4253 1215 4311 liberantur
1258 4256 1380 4313 illis
1422 4255 1630 4312 mediis

269 4330 680 4404 contingenter,
706 4336 764 4388 et
784 4333 962 4389 veluti
984 4351 1016 4391 a
1041 4351 1206 4403 casu;
1236 4352 1410 4409 quam
1432 4340 1629 4394 tamen

282 4407 671 4468 liberationem
737 4416 884 4469 Deus
938 4415 1257 4472 certissime
1315 4417 1627 4488 praescivit.

273 4487 532 4559 Secundo,
564 4491 702 4564 quia
740 4492 790 4547 si
837 4494 941 4550 illa
981 4494 1372 4552 infallibilitas
1400 4502 1629 4556 antece-

273 4567 412 4626 dens
457 4590 631 4646 supra
696 4575 914 4632 auxilia
961 4576 1304 4636 sufficientia
1354 4580 1628 4639 omnibus

275 4654 598 4710 >communia
620 4670 737 4710 non
755 4653 909 4712 addit
937 4657 1048 4712 nisi
1078 4673 1300 4714 meram
1325 4661 1629 4731 praescien-

286 4729 414 4787 tiam
439 4733 617 4789 futuri
637 4740 906 4803 eventus3
936 4753 1064 4793 cum
1090 4738 1205 4795 haec
1222 4737 1385 4812 juxta
1405 4742 1630 4800 Adver-

287 4812 552 4871 sariorum
575 4813 898 4872 doctrinam
916 4833 1031 4874 non
1056 4819 1383 4891 requiratur
1400 4828 1631 4896 propter

279 4907 627 4962 consensum,
660 4896 761 4952 sed
790 4903 1018 4971 propter
1044 4901 1143 4956 Dei
1172 4902 1627 4973 providentiam

285 4973 522 5045 sequitur
574 4976 1133 5050 praedestinationem
1177 4997 1293 5038 non
1334 4999 1454 5040 esse
1497 5001 1632 5057 spe-

1796 541 1943 601 ciale
1987 541 2328 601 beneficium
2370 543 2715 609 electorum;
2745 557 2883 598 nam
2921 540 2980 598 id
3006 544 3159 616 quod

1795 624 2085 697 supponit,
2135 639 2344 697 nempe
2389 623 2677 680 auxilium
2718 622 3020 688 sufficiens,
3072 628 3158 681 est

1747 702 1751 705 ’
1794 703 2067 761 omuibus
2086 718 2392 761 commune
2413 726 2426 769 ;
2449 708 2506 759 et
2532 701 2589 760 id
2612 701 2761 777 quod
2790 700 2966 768 addit,
2993 703 3159 760 vide-

1795 784 1926 843 licet
1974 783 2305 841 infallibilis
2349 784 2632 841 connexio
2676 799 2807 865 ουρ]
2853 798 3152 850 consensu,

1793 881 1912 923 non
1930 865 2165 939 ponitur
2181 869 2413 938 propter
2423 879 2783 929 consensum,
2807 862 2907 921 sed
2923 879 2995 920 ne
3010 867 3158 921 Deus

1791 963 1934 1005 caeco
1959 946 2129 1006 modo
2153 963 2213 1004 se
2231 951 2422 1022 gerat3
2447 950 2614 1018 atque
2634 945 2762 1003 ideo
2783 961 2900 1002 non
2928 946 3158 1019 respicit

1793 1043 1894 1100 per
1917 1044 1978 1086 se
1998 1028 2214 1086 bonum
2245 1027 2544 1100 proprium
2578 1027 2907 1091 electorum,
2925 1024 3023 1082 sed
3051 1026 3157 1084 bo-

1791 1125 1932 1166 num
1976 1110 2095 1168 Dei.
2135 1109 2333 1174 Tertio,
2365 1109 2659 1173 etultimo,
2696 1107 2829 1180 quia
2858 1110 2918 1164 D.
2945 1108 3150 1166 Thom.
3189 1127 3350 1172 nxrtm.

1790 1199 1974 1263 quaest.
1999 1194 2055 1258 6,
2085 1193 2149 1247 de
2182 1191 2417 1250 Veritate
2436 1198 2550 1247 art.
2573 1192 2626 1258 3,
2655 1192 2848 1262 aperte
2876 1189 3078 1263 rejicit,
3098 1196 3157 1248 et

1789 1271 2090 1348 impugnat
2148 1272 2469 1330 doctrinam
2522 1271 2684 1327 illius
2735 1271 3148 1343 consequentis,

1787 1352 1881 1408 his
1921 1354 2111 1411 verbis
2143 1375 2156 1409 ε
2193 1376 2219 1407 α
2263 1356 2389 1410 Non
2430 1352 2591 1410 enim
2634 1356 2813 1424 potest
2838 1350 2973 1417 dici,
3004 1351 3154 1424 quod

1794 1456 1820 1486 α
1864 1435 2288 1508 praedestinatio
2315 1450 2489 1506 supra
2514 1432 2921 1490 certitudinem
2951 1434 3157 1505 provi-

1793 1535 1820 1566 α
1859 1512 2068 1571 dentiae
2123 1513 2274 1570 nihil
2327 1512 2504 1585 addit,
2564 1511 2677 1568 nisi
2742 1510 3151 1569 certitudinem

1792 1616 1818 1648 α
1861 1595 2265 1668 praescientiae;
2316 1599 2379 1651 ut
2419 1594 2469 1650 si
2515 1593 2757 1657 dicatur,
2806 1591 2956 1665 quod
3003 1595 3154 1650 Deus

1791 1697 1817 1728 α
1859 1675 2090 1732 ordinat
2118 1674 2582 1748 praedestinatum
2612 1672 2682 1729 ad
2709 1673 2974 1737 salutem,
3005 1673 3150 1730 sicut

1789 1779 1814 1810 α
1855 1761 1913 1814 et
1936 1756 2251 1829 quemlibet
2277 1756 2458 1813 alium
2484 1758 2713 1827 (nempe
2734 1756 3031 1811 voluntate
3051 1770 3152 1812 an·

1787 1857 1814 1888 «
1861 1836 2158 1903 tecedenti,
2182 1841 2237 1894 et
2250 1833 2730 1893 communicando
2746 1834 2966 1890 auxilia
2986 1834 3149 1891 suffi-

1785 1938 1813 1970 α
1854 1916 2120 1989 cientia);
2150 1916 2248 1975 sed
2288 1932 2417 1973 cum
2447 1916 2551 1972 hoc
2576 1921 2771 1972 tamen
2798 1913 2869 1971 de
2896 1914 3146 1989 praedes-

1784 2019 1810 2050 α
1855 2004 1990 2055 nato
2027 1998 2151 2065 scit,
2184 1996 2334 2071 quod
2375 2013 2492 2054 non
2519 1994 2740 2052 deficiet
2761 2011 2793 2051 a
2819 1996 3021 2052 salute.
3049 1996 3142 2052 Sic

1782 2100 1808 2131 «
1851 2078 2011 2136 enim
2036 2078 2278 2136 dicendo
2307 2093 2423 2133 non
2451 2075 2737 2133 diceretur
2766 2076 3143 2148 praedestina-

1780 2181 1805 2213 «
1849 2166 1939 2217 tus
1979 2178 2011 2217 a
2050 2176 2168 2217 non
2199 2157 2599 2234 praedestinato
2626 2156 2858 2215 differre
2883 2174 2954 2214 ex
2978 2163 3140 2231 parte

1752 2262 1804 2313 οιιι
1848 2240 2073 2298 ordinis
2097 2240 2242 2311 (sive
2264 2239 2637 2304 auxiliorum,
2659 2254 2760 2311 per
2780 2254 2907 2310 quae
2929 2238 2994 2294 in
3013 2239 3142 2312 glo-

1777 2344 1802 2375 «
1849 2322 1997 2380 riam
2024 2322 2482 2392 transmittitur),
2515 2317 2611 2376 sed
2640 2324 2865 2376 tantum
2886 2335 2956 2376 ex
2978 2324 3139 2392 parte

1778 2424 1804 2456 α
1847 2402 2216 2477 praescientiae
2260 2407 2519 2460 eventus.
2565 2402 2633 2457 Et
2659 2401 2740 2457 sic
2781 2400 3138 2473 praescientia

1778 2508 1803 2538 α
1843 2490 1989 2542 esset
2008 2501 2177 2543 causa
2205 2483 2743 2559 praedestinationis,
2773 2499 2875 2540 nec
2899 2482 3139 2556 praedes-

1777 2586 1802 2618 <t
1845 2564 2051 2621 tinatio
2065 2570 2326 2638 essetper
2346 2563 2682 2621 electionem
2712 2562 3136 2635 praedestinan-

1776 2665 1802 2696 α
1846 2644 1947 2712 tis;
1972 2644 2121 2718 quod
2148 2651 2232 2701 est
2270 2650 2470 2701 contra
2495 2658 2716 2699 sacram
2746 2642 3126 2715 scripturam,

1776 2747 1801 2777 α
1844 2730 1900 2781 et
1932 2724 2083 2782 dicta
2111 2727 2471 2782 Sanctorum.
2502 2723 2667 2780 Unde
2707 2728 2912 2796 praeter
2955 2725 3134 2780 certi-

1775 2825 1801 2859 α
1843 2804 2103 2861 tudinem
2133 2804 2499 2878 praescientiae
2537 2804 2658 2876 ipse
2682 2801 2838 2860 'ordo
2879 2802 3133 2876 praedes-

1774 2908 1799 2940 α
1843 2888 2139 2945 tinationis
2165 2890 2396 2961 (nempe
2425 2903 2525 2960 per
2550 2892 2722 2952 certa,
2767 2892 2824 2943 et
2849 2885 3135 2943 determi-

1774 2990 1800 3021 «
1844 2974 1980 3026 nata
2005 2968 2259 3040 auxilia),
2291 2967 2460 3025 habet
2489 2966 2865 3024 infallibilem
2894 2968 3135 3024 certitu-

1773 3072 1798 3103 α
1842 3048 2058 3106 dinem.
2088 3071 2113 3101 »
2142 3048 2384 3108 Concedi
2423 3065 2560 3125 ergo
2601 3065 2717 3106 non
2760 3053 2957 3121 potest,
2982 3050 3134 3122 quod

1766 3131 1870 3188 illa
1896 3131 2286 3189 infallibilitas
2314 3130 2649 3188 antecedens
2680 3135 2902 3203 reperta
2927 3131 2989 3186 in
3015 3147 3134 3188 me-

1765 3210 1899 3278 diis,
1930 3228 2030 3284 per
2056 3229 2180 3285 quae
2210 3214 2354 3270 Deus
2377 3211 2844 3285 praedestinatum
2871 3212 2934 3267 in
2961 3227 3130 3267 suum

1765 3291 1943 3349 finem
1983 3293 2232 3360 ordinat,
2276 3299 2333 3351 et
2371 3293 2730 3358 transmittit,
2765 3292 2920 3348 nihil
2962 3291 3133 3350 addat

1757 3389 1937 3457 ‚supra
1948 3390 2313 3431 communem
2330 3373 2529 3448 gratiae
2548 3372 2992 3446 providentiam,
3016 3373 3131 3430 nisi

1766 3453 2182 3526 praescientiam
2211 3459 2452 3512 eventus
2480 3453 2678 3508 futuri.

1838 3536 1933 3590 66.
1952 3534 2340 3591 confirmatur
2361 3533 2668 3591 evertendo
2684 3532 3129 3590 fundamentum
3145 3549 3339 3595 nimum·

1762 3615 2245 3672 Adversariorum
2268 3640 2281 3682 ;
2310 3615 2584 3688 quoniam
2610 3605 3353 3694 nequitconsensusrfflffi,

1761 3697 2220 3769 supernaturalis
2241 3695 2562 3769 dependere
2590 3712 2690 3769 per
2716 3712 2776 3752 se
2804 3711 2837 3751 a
2868 3696 2979 3751 Deo
3007 3696 3133 3750 Au-
3187 3699 3334 3744 tivum.

1763 3776 1928 3832 thore
1946 3777 2371 3849 supernaturali
2396 3781 2598 3850 agente
2631 3775 2893 3849 provid0,
2921 3780 2976 3831 et
2999 3791 3136 3848 pru-

1762 3854 1923 3912 denti
1952 3854 2140 3922 modo,
2159 3861 2355 3913 etcum
2385 3856 2723 3921 intentione,
2750 3860 2805 3913 et
2826 3855 3136 3929 praescien-

1764 3937 1845 3993 tia
1884 3942 2123 3994 eventus
2151 3937 2329 3993 futuri
2346 3961 2360 4005 ;
2380 3938 2494 3993 nisi
2524 3943 2924 4011 praesupponat
2947 3953 3048 4010 per
3070 3955 3133 3996 se

1762 4019 2008 4093 gratiam
2055 4018 2334 4076 efficacem
2386 4018 2629 4076 efficacia
2679 4017 3032 4085 infallibilis,
3076 4025 3132 4077 et

1764 4100 2148 4158 antecedentis
2173 4100 2550 4158 connexionis
2577 4115 2707 4157 cum
2736 4101 2858 4173 ipso
2883 4116 3131 4158 consen-

1763 4197 1828 4236 su
1857 4202 1869 4237 :
1901 4182 2057 4254 atqui
2083 4197 2392 4238 consensus
2419 4179 2878 4254 supernaturalis
2911 4180 3130 4253 depen-

1763 4261 1859 4318 det
1886 4278 1985 4335 per
2005 4278 2065 4320 se
2091 4279 2123 4319 a
2166 4264 2278 4319 Deo
2306 4263 2735 4335 supernaturali
2759 4262 3034 4327 Authore,
3068 4267 3130 4318 ut

1763 4347 1967 4416 agente
1995 4342 2253 4415 provide,
2299 4349 2353 4399 et
2383 4340 2651 4415 prudenti
2680 4341 2868 4408 m0d0,
2899 4346 2956 4399 et
2994 4359 3125 4399 cum

1765 4422 2137 4495 praescientia,
2183 4429 2348 4497 atque
2388 4423 2710 4480 intentione
2737 4423 2920 4479 futuri
2946 4439 3129 4480 even-

1764 4508 1855 4558 tus
1880 4523 1893 4558 :
1916 4519 2052 4577 ergo
2076 4519 2383 4561 consensus
2397 4504 2859 4576 supernaturalis
2882 4520 3129 4577 praesup-

1765 4583 1927 4657 ponit
1953 4601 2053 4657 per
2090 4600 2150 4641 se
2174 4586 2422 4660 gratiam
2450 4584 2731 4642 efficacem
2757 4586 3002 4643 efficacia
3030 4587 3130 4643 in-

1763 4663 2043 4732 fallibilis,
2071 4670 2127 4722 et
2165 4664 2549 4721 antecedentis
2585 4667 2962 4723 connexionis
2991 4683 3123 4724 cum

1764 4744 1888 4819 ipso
1926 4760 2224 4802 consensu.
2269 4746 2452 4819 Major
2496 4751 2710 4803 constat
2748 4763 2820 4803 ex
2856 4746 3118 4805 doctrina

1762 4825 2262 4890 Adversariorum,
2277 4827 2375 4899 qui
2393 4825 2520 4883 ideo
2548 4833 2829 4893 asserunt,
2862 4844 3111 4885 consen-

1763 4923 1892 4962 sum
1955 4908 2453 4979 supernaturalem
2507 4923 2623 4964 non
2678 4924 3121 4981 praesupponere

1766 5003 1867 5061 per
1891 5002 1952 5043 se
1970 4985 2214 5060 gratiam
2230 4984 2508 5043 efficacem
2529 4987 2771 5045 efficacia
2795 4988 3137 5045 infallibilis
