3647 5753
454 328 532 381 22
1483 319 1575 374 DE
1615 319 1886 374 GRATIA
1925 319 2266 374 EFFICACI.

459 502 645 558 trium
671 501 771 564 sic.
805 502 898 558 vel
924 501 1006 557 sic
1031 500 1390 574 dispositum.
1443 499 1511 553 Et
1553 496 1819 570 quamvis

452 582 667 638 citatus
731 581 953 637 Author
1016 596 1132 637 non
1196 578 1459 637 excludat
1519 577 1818 634 scientiam

410 708 415 712 .
463 662 731 728 mediam,
770 674 868 735 per
894 679 1066 736 quam
1110 661 1298 736 inquit
1339 660 1590 735 praesciri
1619 661 1821 734 hujus-

462 744 621 801 modi
668 745 1201 816 attemperationem
1241 743 1440 817 gratiae
1483 758 1629 798 cum·
1661 740 1821 798 arbi-

458 824 607 890 tri03
650 823 714 880 in
756 823 1019 896 praesenti
1071 829 1264 883 tamen
1294 838 1499 894 parum
1560 820 1629 877 ad
1673 836 1821 893 prae-

461 904 673 961 dictam
714 903 1012 959 scientiam
1060 902 1457 969 attendemuS,
1502 901 1635 958 licet
1691 916 1820 957 eam

452 984 640 1059 gratis
674 998 1201 1056 praesupponamuS.
1231 983 1378 1037 Tum
1406 982 1538 1054 quia
1569 983 1821 1053 vasquez

461 1065 616 1122 nihil
660 1065 904 1137 speciale
941 1062 1098 1128 dicit,
1162 1063 1212 1117 si
1281 1068 1457 1119 totam
1513 1062 1820 1119 efficaciam

465 1150 694 1202 revocat
738 1144 801 1200 in
845 1159 1185 1199 consensum
1223 1143 1535 1214 praevisum
1560 1142 1665 1197 sub
1709 1142 1823 1216 hy·-

461 1225 683 1299 pothesi
713 1223 1127 1290 conditionata;
1157 1223 1228 1280 de
1255 1240 1365 1296 quo
1387 1239 1619 1297 agemus
1647 1221 1822 1279 dubio

463 1305 742 1378 sequenti.
786 1306 934 1360 Tum
975 1304 1183 1370 etiam,
1224 1304 1361 1377 quia
1411 1304 1652 1361 scientia
1695 1319 1823 1359 me-

465 1386 564 1444 dia
616 1402 732 1444 non
787 1387 920 1443 facit
964 1387 1127 1442 illam
1163 1386 1719 1458 attemperationem,
1766 1390 1825 1441 et

460 1468 901 1525 consonantiam
960 1467 1157 1541 gratia?
1208 1483 1338 1523 cum
1391 1467 1674 1534 arbitri0,
1723 1465 1821 1523 sed

450 1541 592 1604 ‘eam
620 1564 690 1604 ex
746 1554 905 1620 parte
950 1546 1148 1621 obJ'ecti
1195 1547 1465 1619 supponit
1495 1571 1508 1614 3
1539 1547 1822 1620 siquidem

458 1628 626 1700 juxta
663 1625 984 1687 doctrinam
1023 1629 1079 1681 et
1129 1624 1305 1682 verba
1357 1627 1590 1699 Vasquii
1640 1642 1825 1699 nuper

467 1708 666 1774 relata,
702 1708 848 1763 Deus
877 1704 1149 1778 praevidet
1195 1706 1452 1773 Petrum,
1495 1707 1544 1762 si
1593 1713 1825 1765 vocetur

456 1789 651 1863 gratia
695 1802 963 1860 congrua,
1010 1786 1114 1842 hoc
1154 1791 1238 1843 est
1278 1792 1651 1860 attemperata
1702 1790 1825 1863 ejus

465 1868 747 1933 arbitrio,
794 1883 1207 1924 consensurum
1254 1883 1395 1924 esse.
1443 1867 1607 1926 Unde
1636 1870 1826 1942 prima

470 1950 620 2007 ratio
645 1950 841 2024 gratiae
868 1964 1145 2022 congruae,
1189 1964 1306 2004 non
1355 1964 1425 2005 ex
1468 1952 1826 2022 praescientia

460 2045 777 2088 consensus
847 2029 1231 2086 conditionate
1296 2028 1474 2086 futuri
1546 2029 1650 2087 sub
1720 2032 1825 2089 illa

399 2108 403 2112 ’
460 2113 683 2189 gratia;
727 2112 823 2170 sed
863 2128 934 2168 ex
987 2110 1479 2183 attemperatione,
1528 2119 1584 2168 et
1620 2129 1823 2171 conso-

465 2194 667 2252 nantia
697 2192 765 2249 ad
793 2192 1099 2250 arbitrium
1122 2192 1242 2259 hoc,
1271 2191 1360 2248 vel
1383 2191 1486 2249 illo
1512 2194 1683 2251 modo
1701 2194 1822 2251 dis-

464 2275 736 2346 positum,
771 2279 824 2328 et
848 2288 949 2345 per
974 2271 1270 2329 scientiam
1306 2271 1556 2327 mediam
1582 2274 1825 2345 praevisa

465 2351 821 2412 desumenda
864 2357 967 2408 est.
1020 2350 1184 2407 Unde
1228 2351 1275 2405 si
1326 2350 1474 2407 hanc
1513 2352 1820 2411 radicalem

461 2433 881 2506 congruitatem
929 2432 1180 2503 Vasquez
1230 2446 1348 2486 non
1402 2430 1679 2499 adstruit,
1731 2436 1823 2492 vel

468 2512 621 2568 nihil
646 2554 659 2577 ,
692 2516 754 2567 ut
796 2509 1050 2565 diximus
1089 2515 1171 2566 tot
1199 2508 1428 2575 verbis,
1460 2516 1516 2566 et
1542 2515 1822 2586 exemplis

461 2590 770 2656 concludit,
803 2590 897 2645 vel
925 2588 1033 2644 sibi
1070 2589 1179 2662 ipsi
1221 2590 1544 2646 contrarius
1571 2597 1672 2648 est.
1719 2595 1822 2650 Vi-

465 2670 705 2728 deamus
732 2686 867 2744 ergo
889 2684 963 2724 an
985 2669 1105 2741 ejus
1125 2668 1323 2740 opinio
1349 2667 1552 2726 debeat
1571 2671 1816 2732 admitti.

1076 2855 1209 2925 §1-

540 3019 841 3092 Pratsertur
861 3034 998 3089 pars
1020 3019 1306 3170 ῗοιρεαιίυα,
1338 3025 1388 3074 et
1413 3022 1748 3080 authoritate

1050 3116 1084 3152 u
1141 3099 1273 3154 itur.

216 3251 231 3264 ⁸
278 3268 424 3325 Asser—
543 3246 635 3302 33.
681 3241 994 3301 Dicendum
1023 3251 1108 3301 est
1135 3244 1369 3304 modum
1392 3290 1406 3314 ,
1430 3265 1541 3321 quo
1569 3252 1822 3326 Vasquez

303 3323 377 3360 ¹¹⁰·
466 3325 720 3382 declarat
746 3323 1049 3381 efficaciam
1075 3326 1274 3398 gratiae
1299 3343 1421 3384 esse
1466 3329 1821 3390 insufficien-

466 3410 622 3472 tem;
655 3409 819 3476 atque
847 3403 973 3461 ideo
1002 3405 1329 3476 praedictam
1358 3407 1661 3466 efficaciam
1703 3428 1820 3470 non

464 3484 776 3542 consistere
797 3482 860 3538 in
883 3486 1354 3557 attemperatione
1373 3488 1583 3561 ‘gratiae
1609 3491 1679 3547 ad
1701 3492 1822 3550 dis-

467 3565 811 3638 positionem
833 3562 1087 3638 subjecti,
1113 3571 1169 3622 et
1195 3567 1339 3623 alias
1364 3570 1821 3632 circumstantias

467 3646 780 3703 naturales.
808 3646 935 3701 Haec
961 3646 1249 3703 conclusio
1269 3654 1353 3704 est
1379 3654 1703 3709 communis
1726 3655 1820 3711 in-

462 3733 552 3784 ter
577 3726 922 3791 Thomistas,
949 3730 1005 3781 et
1031 3727 1174 3784 alios
1200 3729 1530 3805 Theologos,
1560 3749 1700 3806 quos
1726 3735 1823 3793 da-

248 3809 435 3904 {⁰133ss
464 3806 656 3862 bimus
695 3806 821 3863 dub.
870 3808 927 3861 4.
978 3807 1046 3861 Et
1093 3813 1272 3879 potest
1301 3810 1528 3883 probari
1559 3814 1821 3888 pluribus

241 3909 449 3962 exscrip-
465 3885 812 3943 testimoniis
838 3885 1144 3958 Scripturae
1169 3929 1181 3952 ,
1220 3893 1277 3944 et
1302 3891 1396 3947 SS.
1428 3893 1667 3949 Patrum
1693 3936 1706 3960 ,
1748 3911 1821 3952 ex

258 3959 435 4052 *lgfffifft
462 3964 670 4039 quibus
715 3965 1010 4021 selectiora
1062 3970 1287 4023 tantum
1333 3969 1438 4025 sub
1484 3972 1588 4028 hac
1634 3972 1821 4032 forma

298 4057 390 4104 hus.
461 4043 851 4119 subjiciemus
885 4045 1028 4108 Quia
1057 4045 1364 4103 arbitrium
1413 4066 1535 4108 esse
1573 4051 1816 4126 disposi-

464 4133 609 4194 tum,
637 4132 852 4199 aptum,
877 4132 934 4182 et
960 4132 1419 4200 attemperatum,
1453 4138 1515 4187 ut
1536 4136 1820 4194 vocationi

459 4208 892 4281 supernaturali
920 4207 1271 4280 respondeat,
1305 4215 1390 4267 est
1414 4211 1702 4285 adaequate
1733 4217 1821 4274 era

466 4290 643 4348 fectus
668 4290 867 4364 gratiae
887 4292 1344 4361 supernaturalis
1371 4312 1384 4348 ε
1413 4309 1548 4368 ergo
1572 4299 1817 4370 gratiam

457 4387 586 4428 esse
625 4386 958 4446 congruam,
1009 4371 1132 4427 sive
1176 4371 1455 4429 efficacem
1483 4375 1551 4431 ad
1579 4394 1820 4436 causan-

462 4451 603 4506 dum
625 4466 987 4516 consensum,
1024 4466 1141 4507 non
1170 4450 1449 4525 dependet
1468 4471 1500 4512 a
1524 4456 1708 4516 libero
1733 4476 1821 4516 ar-

465 4531 645 4588 bitrio
691 4547 867 4604 :ergo
912 4531 1161 4604 gratiam
1207 4549 1328 4591 esse
1364 4552 1675 4612 congruam
1705 4557 1819 4598 non

458 4610 723 4670 consistit
752 4611 814 4667 in
841 4613 1315 4685 attemperatione
1340 4633 1468 4674 cum
1495 4619 1694 4678 eodem
1722 4638 1822 4678 ar-

464 4692 663 4751 bitrio.
696 4694 823 4750 Haec
868 4695 1114 4752 secunda
1160 4701 1560 4773 consequentia
1603 4712 1822 4765 constat

460 4790 539 4832 ex
562 4772 752 4846 prima
767 4797 781 4839 ;
812 4788 947 4830 nam
974 4776 1070 4848 qui
1089 4780 1290 4834 asserit
1311 4783 1677 4850 qratiamesse
1699 4805 1821 4844 con-

461 4872 685 4928 qruam,
716 4854 1025 4914 consistere
1048 4858 1111 4914 in
1138 4865 1612 4935 attemperatione
1644 4866 1713 4923 ad
1755 4870 1823 4927 li-

467 4934 673 4994 berum
703 4931 1032 5003 arbitrium,
1082 4944 1139 4995 et
1176 4940 1321 4998 alias
1365 4942 1822 5007 circumstantias

1951 497 2240 553 naturales
2283 496 2574 567 temporiS,
2609 494 2733 555 loci,
2760 498 2864 549 etc.
2897 491 2988 547 vel
3020 489 3173 546 nihil
3232 486 3350 542 di-

1949 576 2042 644 cit,
2073 575 2172 632 sed
2212 574 2406 632 verbis
2440 580 2663 630 tantum
2694 571 2875 639 ludit;
2907 572 2997 627 vel
3019 566 3342 643 significat

1948 658 2194 733 gratiam
2234 672 2545 732 congruam
2580 657 2641 712 in
2675 671 2797 713 esse
2816 655 2947 710 talis
2969 651 3185 709 habere
3218 649 3350 706 de-

1953 739 2321 813 pendentiam
2374 755 2406 795 a
2454 737 2721 811 praedicta
2770 735 3000 793 arbitrii
3059 733 3348 807 disposi-

1952 822 2126 878 tione.
2181 819 2379 876 Prima
2432 835 2569 875 vero
2613 817 3015 889 consequentia
3062 819 3225 887 patet
3257 828 3344 869 ex

1951 902 2346 967 antecedenti;
2391 917 2526 956 nam
2578 900 2627 956 si
2673 899 2859 973 gratia
2922 911 3200 971 congrua,
3269 894 3344 950 in

1950 998 2073 1039 esse
2115 997 2427 1057 congruam
2457 981 2527 1038 ad
2553 980 2905 1038 causandum
2947 991 3343 1033 consensum.

1952 1061 2296 1135 dependeret
2326 1062 2559 1120 alibero
2587 1059 2863 1126 arbitrio,
2892 1059 3013 1131 jam
3058 1055 3344 1112 liberum

1953 1143 2261 1201 arbitrium
2304 1160 2419 1201 non
2469 1143 2702 1201 haberet
2750 1141 3038 1214 adaequate
3069 1154 3100 1195 a
3126 1137 3342 1212 gratia

1950 1241 2073 1284 esse
2120 1234 2332 1300 aptum,
2376 1226 2739 1300 dispositum,
2785 1230 2843 1280 et
2869 1227 3345 1294 attemperatum

1953 1306 2025 1365 ad
2087 1307 2547 1381 respondendum
2584 1304 2902 1362 -vocationi
2962 1306 3343 1374 supernatu—

1956 1389 2063 1446 rali
2092 1413 2104 1455 ;
2151 1389 2250 1447 sed
2301 1389 2484 1462 potius
2519 1388 2708 1459 ipsum
2750 1384 2985 1441 haberet
3011 1399 3082 1439 ex
3109 1397 3170 1438 se
3198 1382 3342 1437 ali-

1952 1485 2125 1543 quam
2168 1468 2564 1542 aptitudinem.
2601 1465 2935 1539 positivam,
2967 1468 3024 1520 et
3062 1461 3346 1533 disposi-

1954 1552 2169 1607 tionem
2200 1549 2268 1606 ad
2301 1547 2630 1622 praedictum
2658 1545 2938 1611 effectum,
2969 1559 3141 1616 quarn
3175 1555 3341 1613 prae-

1952 1629 2116 1687 dictae
2141 1630 2341 1704 gratiae
2376 1629 2675 1685 tribueret.
2706 1624 3055 1682 Antecedens
3096 1619 3334 1688 autem,

1954 1712 2018 1767 in
2056 1726 2167 1783 quo
2192 1715 2274 1766 est
2308 1708 2646 1774 difficultas,
2693 1703 2987 1780 probatur.

2027 1790 2221 1847 Primo
2246 1806 2317 1846 ex
2343 1790 2513 1846 Sacra
2554 1787 2882 1859 Scriptura;
2925 1801 3061 1841 nam
3090 1783 3167 1838 ad
3193 1780 3335 1839 ΗΘ-
3350 1781 3561 1874 Τῑῇῑὲωο-

1952 1872 2116 1929 braeos
2176 1874 2261 1938 13,
2285 1872 2494 1929 dicitur
2527 1892 2540 1927 ε
2576 1872 2716 1926 Deus
2753 1876 2936 1923 autem
2970 1870 3130 1941 pacis
3155 1874 3330 1939 aptet
3377 1880 3522 1933 Serip-

1953 1972 2048 2011 vos
2067 1957 2128 2011 in
2146 1957 2298 2010 omni
2316 1950 2692 2017 bono.Quibus
2704 1951 2895 2008 verbis
2917 1954 3110 2022 aperte
3133 1949 3334 2023 signi·
3347 1936 3552 2024 ,ῗῆξῂ

1954 2034 2081 2092 ficat
2125 2035 2444 2107 ApostoluS,
2489 2049 2721 2090 omnem
2762 2031 3224 2104 dispositionem,
3264 2034 3334 2084 et
3421 2032 3488 2072 13-

1954 2116 2336 2189 aptitudinem
2365 2123 2620 2173 nostram
2649 2114 2716 2172 ad
2747 2114 2914 2176 bona,
2961 2126 3084 2184 quae
3119 2112 3184 2167 in
3213 2127 3333 2166 su-

1955 2197 2384 2269 pernaturalem
2436 2195 2611 2253 finem
2660 2192 2982 2251 conducunt
3007 2235 3019 2256 ,
3072 2201 3196 2248 esse
3244 2206 3333 2247 ex

1954 2282 2067 2336 Deo
2114 2283 2342 2351 aptante
2380 2278 2733 2334 voluntatem
2778 2281 3032 2332 nostram
3063 2272 3133 2329 ad
3162 2287 3330 2344 prae-

1953 2359 2167 2415 dictum
2199 2358 2408 2425 finem;
2439 2374 2549 2430 qua
2577 2356 2898 2430 aptitudine
2919 2360 3204 2431 'caretex
3231 2368 3323 2409 se.

1954 2439 2118 2496 Unde
2146 2442 2209 2497 D.
2242 2440 2445 2498 Thom.
2480 2437 2580 2505 ibi,
2616 2441 2735 2494 lect.
2772 2440 2825 2502 3,
2873 2436 3101 2508 inquit:
3136 2456 3161 2486 «
3193 2435 3330 2490 Vo-
3363 2436 3540 2478 D-'l'ho-

1960 2543 1986 2575 α
2017 2523 2208 2578 luntas
2229 2522 2503 2587 humana,
2528 2537 2658 2577 cum
2686 2521 2759 2576 sit
2779 2517 3039 2592 quaedam
3069 2515 3328 2573 inclina·
3392 2496 3496 2528 Μ’

1959 2623 1986 2654 α
2013 2601 2095 2659 tio
2117 2600 2376 2666 rationiS,
2402 2606 2487 2657 est
2528 2600 2880 2673 principium
2921 2603 3149 2654 actuum
3198 2595 3330 2651 hu-

1959 2704 1984 2735 α
2017 2697 2343 2746 manorum,
2374 2680 2518 2737 sicut
2557 2680 2809 2755 gravitas
2847 2683 2931 2735 est
2953 2675 3327 2750 principium

1958 2785 1985 2816 α
2016 2768 2276 2819 motuum
2298 2762 2566 2836 gravium
2587 2762 2855 2818 deorsum
2887 2758 3076 2816 :unde
3109 2775 3168 2814 se
3202 2757 3328 2814 ha-

1958 2867 1984 2898 «
2014 2843 2108 2902 bet
2129 2844 2199 2901 ad
2220 2851 2375 2902 actus
2403 2846 2663 2911 rationis,
2689 2844 2836 2900 sicut
2869 2840 3170 2899 inclinatio
3200 2855 3329 2897 na-

1959 2946 1984 2977 «
2013 2926 2221 2981 turalis
2244 2924 2312 2981 ad
2342 2931 2494 2980 actus
2522 2925 2830 2982 naturales,
2858 2924 2968 2978 Res
2990 2926 3178 2977 autem
3201 2937 3325 2979 na-

1958 3027 1985 3058 α
2014 3005 2219 3061 turalis
2254 3004 2463 3062 dicitur
2482 3017 2605 3062 esse
2629 3011 2757 3077 apta
2780 3002 2848 3060 ad
2872 3001 3038 3068 illud,
3067 3000 3135 3057 ad
3161 3002 3326 3074 quod

1958 3109 1983 3140 «
2014 3085 2183 3143 habet
2219 3087 2691 3154 inclinationem.
2741 3086 2830 3141 Sic
2875 3085 3050 3141 etiam
3100 3084 3279 3140 homo
3304 3128 3318 3147 ,

1957 3191 1985 3223 α
2012 3168 2241 3242 quando
2257 3167 2425 3225 habet
2442 3169 2876 3225 inclinationem
2894 3164 3318 3230 benefaciendi,

1958 3273 1984 3305 α
2013 3251 2223 3309 dicitur
2246 3258 2414 3325 aptus
2430 3252 2498 3308 ad
2524 3251 2686 3308 illud.
2707 3254 2853 3307 Deus
2871 3247 3324 3321 etiam,quando

1958 3354 1984 3384 <t
2017 3331 2280 3388 immittit
2320 3331 2544 3389 homini
2575 3332 2782 3388 bonam
2804 3331 3181 3393 voluntatem,
3207 3344 3322 3400 ap-

1958 3433 1984 3464 «
2013 3415 2094 3468 tat
2114 3427 2267 3477 eum,
2301 3410 2359 3467 id
2381 3416 2463 3469 est
2486 3411 2618 3467 facit
2646 3411 2814 3466 illum
2844 3416 3059 3483 aptum.
3094 3410 3161 3463 Et
3183 3407 3322 3465 ideo

1958 3514 1984 3545 «
2013 3489 2151 3547 dicit
2177 3493 2479 3564 Apostolus
2511 3513 2522 3547 ε
2549 3493 2614 3547 In
2640 3491 2800 3547 omni
2827 3489 2993 3557 bono,
3042 3495 3103 3543 ut
3130 3487 3320 3544 facia-

1958 3593 1984 3625 «
2015 3571 2088 3627 tis
2102 3571 2223 3645 ejus
2244 3573 2598 3628 voluntatem
2616 3596 2629 3640 ;
2656 3570 2713 3627 id
2729 3576 2831 3635 est,
2854 3570 3020 3627 faciat
3041 3583 3139 3624 vos
3155 3568 3317 3625 velle

1958 3674 1985 3705 «
2013 3667 2186 3709 omne
2228 3651 2463 3709 bonum.
2511 3650 2786 3709 proverb.
2826 3653 2880 3708 ll
2910 3648 3314 3707 :Desiderium

1958 3754 1984 3785 α
2015 3737 2275 3788 nostrum
2299 3748 2471 3789 omne
2497 3731 2733 3789 bonum.
2767 3732 2898 3787 Haec
2918 3736 3002 3788 est
3026 3729 3185 3787 enim
3215 3745 3318 3785 vo·

1957 3814 2209 3870 «luntas
2256 3814 2375 3879 Dei,
2419 3814 2633 3870 scilicet
2664 3812 2814 3885 quod
2862 3813 3008 3869 Deus
3037 3813 3160 3868 vult
3205 3826 3314 3867 nos

1957 3917 1985 3949 α
2013 3895 2183 3951 velle.
2219 3916 2244 3946 n
2279 3896 2462 3952 Aliter
2487 3895 2648 3951 enim
2672 3910 2789 3950 non
2814 3899 2899 3950 est
2921 3893 3070 3950 bona
3097 3893 3312 3950 volun-

1892 3990 1902 3997 ·
1950 3981 2037 4032 tas
2067 3983 2297 4044 nostra3
2328 3993 2389 4033 ac
2417 3977 2658 4050 proinde
2686 3992 2788 4034 nec
2809 3984 2956 4050 apta,
2994 3991 3095 4032 nec
3114 3975 3315 4048 dispo-

1950 4057 2062 4115 sita
2090 4058 2159 4114 ad
2190 4058 2651 4132 respondendum
2681 4061 2792 4116 Deo
2820 4058 3035 4116 volenti
3058 4059 3310 4115 salvare.

1951 4141 2021 4194 Et
2041 4140 2122 4196 ita
2153 4140 2452 4213 subjunxit
2479 4161 2492 4196 :
2527 4162 2552 4194 «
2585 4141 2896 4213 Dupliciter
2923 4146 3114 4196 autem
3145 4144 3313 4212 apta-

1957 4243 1984 4274 α
2024 4225 2120 4278 tur
2164 4215 2332 4278 bomo
2367 4221 2436 4277 ad
2464 4221 2955 4279 benefaciendum.
2985 4223 3113 4278 Uno
3140 4221 3315 4278 modo

1958 4302 2275 4358 «exterius
2302 4302 2625 4374 operand03
2648 4307 2704 4358 et
2724 4302 2805 4359 sic
2831 4318 2980 4357 unus
3009 4301 3182 4357 homo
3203 4301 3312 4374 'ap-'

1957 4405 1984 4436 α
2027 4389 2106 4440 tat
2146 4383 2327 4440 alium
2377 4384 2786 4456 persuadendo,
2839 4385 2929 4441 vel
2975 4385 3313 4440 communi-

1957 4489 1984 4520 «
2024 4465 2224 4523 cando.
2257 4466 2387 4522 Alio
2415 4466 2584 4524 modo
2612 4466 2827 4540 aliquid
2866 4466 3111 4522 interius
3137 4465 3312 4521 exhi-

1958 4569 1984 4601 «
2028 4545 2241 4612 bendo;
2270 4546 2423 4602 etsie
2462 4548 2617 4604 solus
2658 4550 2802 4604 Deus
2842 4553 2995 4620 aptat
3037 4547 3314 4602 volunta-

1958 4649 1984 4680 α
2027 4634 2162 4690 tem,
2200 4626 2334 4699 quia
2372 4627 2526 4684 solus
2552 4628 2736 4699 ipsam
2766 4633 2944 4700 potest
2970 4628 3308 4683 immutare.

1958 4728 1984 4761 α
2028 4705 2304 4764 Proverb.
2321 4709 2383 4761 21
2413 4728 2426 4762 ε
2450 4709 2558 4764 Cor
2583 4708 2731 4781 regis
2753 4708 2815 4763 in
2839 4723 3014 4763 manu
3040 4707 3273 4763 Domini
3299 4729 3312 4761 :

1958 4811 1985 4842 α
2025 4804 2378 4862 quocumque
2424 4790 2690 4855 voluerit,
2743 4788 3049 4845 inclinabit
3077 4787 3243 4844 illud.
3281 4811 3306 4837 n

1953 4870 2211 4927 Eundem
2234 4886 2466 4927 sensum
2488 4872 2782 4928 continent
2805 4872 2919 4928 alia
2943 4869 3116 4927 verba
3138 4875 3316 4944 Apos-

1952 4951 2054 5009 toli
2094 4952 2169 5007 ad
2210 4951 2543 5009 Colossenses
2579 4955 2625 5020 l,
2651 4952 2811 5026 juxta
2842 4953 3143 5011 lectionem
3175 4953 3302 5007 Div.

3005 5032 3308 5110 Augustini
3369 5107 3378 5112 -
