3647 5753
474 374 588 431 852

473 545 717 600 alienum
734 562 958 604 servum
970 550 1004 604 Ρ
1022 549 1260 608 Domino
1278 570 1377 608 suo
1393 559 1526 620 stat,
1549 553 1830 609 autcadit.

477 624 667 682 Stabit
694 636 879 684 autem
906 636 1403 703 :potensestenim
1429 634 1837 690 Ikusdatuere

470 707 656 763 illum.
683 710 832 765 Tum
861 718 1158 783 praeterea,
1183 716 1319 788 quia
1341 714 1420 772 ad
1462 716 1738 772 meritum
1764 714 1838 772 de

469 789 755 866 condigno
783 794 1098 866 requiritur
1138 804 1386 869 pactum,
1410 798 1504 853 vel
1530 797 1837 870 promissio

471 870 594 938 Dei,
619 877 681 927 ut
706 873 962 932 diximus
986 877 1130 951 disp.
1169 881 1217 944 1,
1240 878 1369 935 dub.
1397 880 1463 946 6;
1488 877 1588 935 sed
1610 894 1731 935 non
1752 883 1840 934 est

471 955 754 1025 promissa
775 961 1204 1029 perseverantia
1217 962 1373 1034 justo
1416 961 1689 1026 merenti,
1732 974 1839 1016 nec

472 1035 632 1091 enim
655 1040 942 1110 reperitur
962 1041 1027 1096 in
1046 1042 1363 1114 Scriptura,
1407 1048 1465 1100 et
1510 1042 1837 1116 oppositum

473 1116 652 1189 liquet
689 1121 1066 1192 experientia,
1124 1123 1416 1197 siquidem
1461 1125 1660 1197 plures
1704 1128 1833 1196 post

474 1198 660 1255 multa
686 1215 861 1271 opera
880 1203 1185 1260 meritoria
1207 1205 1478 1262 decidunt
1516 1222 1550 1261 a
1569 1205 1796 1279 justitia
1819 1225 1836 1260 z

477 1293 615 1353 ergo
641 1278 713 1335 de
731 1280 878 1339 sacto
896 1284 1037 1358 justi
1066 1300 1184 1341 non
1205 1292 1504 1343 merentur
1539 1284 1610 1342 de
1633 1284 1838 1342 condi-

478 1377 594 1436 gno
618 1368 1130 1435 perseverantiam.
1176 1370 1325 1425 Tum
1350 1368 1579 1435 deinde,
1602 1369 1741 1442 quia
1775 1374 1839 1424 ut

479 1445 694 1517 optime
739 1448 1013 1518 ponderat
1054 1452 1119 1505 D.
1169 1450 1379 1507 Thom.
1426 1452 1493 1508 in
1541 1451 1834 1525 praesenti,

476 1531 587 1580 art.
612 1524 668 1580 9.
693 1528 753 1580 in
776 1545 897 1598 ary.
929 1528 1038 1585 Sed
1066 1534 1266 1587 contra
1299 1553 1313 1587 :
1340 1530 1512 1588 Omne
1544 1532 1689 1610 quod
1713 1534 1842 1610 quis

475 1613 712 1662 meretur
735 1607 864 1675 (hoc
879 1616 965 1667 est
984 1610 1055 1667 de
1074 1610 1381 1686 condigno)
1406 1631 1444 1668 α
1496 1612 1608 1669 Deo
1651 1631 1841 1670 conse-

473 1688 683 1763 quitur,
714 1690 828 1743 m'si
876 1692 1210 1764 impediatur
1252 1711 1352 1766 per
1380 1701 1667 1766 peccatum
1693 1715 1713 1748 :
1747 1696 1842 1750 sed

474 1770 640 1825 multi
656 1771 853 1827 habent
877 1791 1041 1846 opera
1062 1778 1371 1842 meritoria,
1401 1779 1499 1854 qui
1520 1796 1631 1833 non
1650 1796 1842 1834 conse-

474 1861 720 1931 quuntur
758 1861 1241 1929 perseverantiam.
1318 1862 1436 1918 Nec
1483 1868 1653 1934 potest
1703 1862 1836 1926 dici,

472 1937 617 2013 quod
639 1937 739 1992 hoc
761 1940 862 2009 siat
880 1947 1105 2011 prepter
1132 1941 1584 2014 impedimentum
1604 1945 1837 2015 peccati,

474 2017 608 2093 quia
634 2018 733 2072 hoc
760 2021 958 2090 ipsum,
991 2020 1135 2095 quod
1152 2028 1229 2075 est
1259 2038 1504 2095 peccare,
1549 2024 1844 2095 opponitur

467 2102 886 2170 perseverantia
910 2118 928 2152 ;
956 2102 1037 2155 ita
1070 2102 1215 2179 quod
1262 2105 1314 2158 si
1350 2103 1560 2180 aliquis
1595 2121 1845 2176 perseve-

474 2183 724 2236 rantiam
742 2191 1055 2249 mereretur,
1080 2184 1229 2239 Deus
1249 2202 1358 2240 non
1373 2188 1705 2258 permitteret
1726 2187 1844 2242 ali-

476 2279 633 2341 quem
658 2265 847 2320 cadere
887 2267 948 2320 in
994 2274 1297 2337 peccatum.
1362 2268 1512 2323 Tum
1552 2267 1800 2341 denique
1822 2310 1839 2334 ,

479 2343 615 2424 quia
637 2344 717 2401 ita
740 2346 1096 2404 unanimiter
1121 2347 1383 2403 sentiunt
1423 2365 1626 2406 omnes
1646 2350 1844 2407 Theo-

284 2465 447 2509 sz
479 2425 615 2499 logi,
655 2430 772 2482 tam
802 2427 1045 2499 antiqui,
1077 2443 1249 2499 quam
1274 2428 1541 2486 moderni
1574 2453 1588 2486 ε
1619 2447 1690 2488 ex
1710 2431 1846 2503 qui-

264 2515 455 2559 uedina.
479 2505 586 2562 bus
610 2509 826 2576 Zumel,
851 2508 1104 2573 Medma,
1139 2510 1333 2577 Lorca‚
1371 2512 1620 2578 Araux0,
1649 2517 1705 2569 et
1741 2513 1846 2569 alii

264 2565 455 2659 Λιὲῃῗό,
488 2590 877 2647 communiter
927 2590 1170 2657 docent,
1222 2592 1282 2648 id
1335 2608 1459 2650 esse
1509 2600 1730 2650 certum
1775 2593 1847 2651 de

484 2671 645 2727 Fide.

259 2739 455 2821 ⁸¹3²S¹¹¹³j
555 2752 647 2805 90.
680 2752 963 2817 Βίχὶωιιε,
997 2751 1052 2806 id
1087 2768 1211 2809 esse
1248 2755 1492 2811 omnino
1516 2761 1734 2811 certum
1757 2757 1848 2813 lo-

267 2801 455 2884 n‘iff‘s’ffa-
482 2830 707 2905 quendo
763 2831 833 2889 de
897 2837 1325 2905 perseverantia
1380 2837 1573 2892 saltem
1627 2841 1849 2912 proprie

276 2899 454 2984 ὧῗῖῃῖᾖῗ,
481 2916 650 2979 dicta,
680 2920 771 2968 etc.
806 2931 930 2986 quae
964 2916 1237 2989 importat
1283 2920 1743 2990 permanentiam
1774 2920 1849 2976 fi-

482 2997 677 3055 nalem
701 2998 899 3071 gratiae
932 3015 1107 3071 usque
1145 2999 1216 3055 ad
1253 3002 1455 3076 gloriae
1493 3003 1850 3076 assequutio-

480 3093 637 3136 nem.
665 3078 724 3133 Si
765 3079 922 3134 enim
950 3079 1050 3135 fiat
1075 3097 1267 3138 sermo
1305 3081 1376 3139 de
1418 3085 1851 3154 perseverantia

480 3167 648 3235 prout
672 3162 860 3219 solum
883 3161 1021 3219 dicit
1041 3164 1292 3236 aliquam
1314 3166 1516 3239 gratiae
1535 3183 1852 3225 conserva-

476 3246 715 3310 tionem,
748 3247 958 3302 Suarez
984 3248 1043 3301 in
1068 3248 1246 3304 relect.
1272 3250 1336 3304 de
1360 3251 1704 3308 reviviscent.
1734 3269 1852 3307 me-

476 3331 572 3385 rit.
602 3329 743 3401 disp.
769 3332 824 3396 2,
848 3336 973 3386 sect.
1006 3330 1060 3394 3,
1092 3329 1339 3386 affirmat
1354 3333 1575 3406 justum
1601 3350 1763 3407 posse
1780 3334 1853 3392 de

479 3410 625 3468 facto
653 3412 915 3469 obtinere
941 3412 1149 3470 merito
1188 3415 1470 3488 condigno
1512 3416 1687 3474 talem
1717 3434 1852 3490 per-

478 3496 883 3551 severantiam.
941 3498 1122 3559 Quam
1187 3494 1512 3554 doctrinam
1581 3499 1852 3572 rejiciunt

440 3604 445 3608 ·
477 3576 864 3631 communiter
891 3574 992 3630 alii
1021 3575 1294 3649 Theologi
1323 3582 1384 3632 ut
1406 3593 1522 3635 non
1544 3579 1685 3635 satis
1713 3596 1853 3652 pro-

480 3653 754 3712 babilem.
786 3657 854 3709 Et
890 3654 1166 3729 quidquid
1188 3657 1262 3712 sit
1283 3656 1353 3714 de
1378 3676 1645 3727 censura,
1674 3662 1852 3719 susti-

479 3736 609 3794 neri
676 3737 922 3793 minime
974 3742 1153 3809 potest
1178 3762 1191 3803 ;
1249 3755 1385 3795 nam
1435 3739 1555 3797 fere
1606 3743 1847 3811 motiva,

480 3817 687 3888 quibus
726 3819 1000 3874 meritum
1029 3819 1099 3877 de
1123 3819 1407 3894 condigno
1431 3828 1686 3894 respectu
1719 3840 1852 3896 per-

476 3898 816 3956 severantiae
881 3901 1114 3973 proprie
1177 3906 1417 3974 acceptae
1480 3903 1808 3961 excluditur
1832 3948 1848 3971 ,

479 3977 736 4034 militant
754 3979 930 4036 etiam
953 3986 1151 4038 contra
1174 3983 1450 4039 meritum
1473 3983 1544 4040 de
1565 3984 1854 4060 condigno

481 4059 551 4119 ad
608 4063 808 4135 gratiae
872 4066 1396 4123 conservationem.
1452 4067 1663 4135 Primo,
1717 4069 1855 4142 quia

483 4141 691 4198 nullibi
723 4142 1009 4215 reperitur
1049 4151 1296 4218 pactum,
1329 4146 1420 4203 vel
1450 4149 1755 4221 promissio
1782 4150 1855 4208 de

482 4224 584 4280 tali
631 4225 869 4296 praemio
914 4247 927 4281 ε
967 4242 1104 4302 ergo
1143 4228 1492 4296 voluntarie,
1542 4236 1599 4287 et
1643 4230 1855 4305 absque

483 4304 860 4363 fundamento
900 4307 1285 4365 introducitur
1312 4309 1590 4367 meritum
1618 4311 1688 4370 de
1712 4329 1856 4370 con-

479 4386 658 4464 digno
686 4386 748 4442 in
769 4386 973 4446 ordine
1001 4389 1069 4446 ad
1105 4389 1271 4447 illud.
1303 4390 1572 4461 Secundo,
1605 4410 1741 4451 nam
1780 4410 1855 4451 ex

478 4471 739 4544 opposito
779 4468 962 4537 fieret,
1001 4471 1149 4545 quod
1170 4474 1367 4547 justus
1405 4475 1643 4532 eliciens
1681 4493 1857 4550 opera

480 4550 802 4618 meritoria,
838 4567 954 4609 non
983 4560 1168 4626 posset
1195 4556 1451 4628 potentia
1490 4558 1855 4631 consequenti

478 4634 698 4702 statim,
732 4629 826 4691 ve'l
852 4634 963 4692 cito
987 4651 1019 4691 a
1045 4636 1231 4709 gratia
1258 4636 1498 4695 deficere
1537 4641 1852 4712 peccand03

479 4717 769 4791 siquidem
799 4733 900 4791 per
942 4717 1210 4790 praedicta
1242 4736 1419 4792 opera
1457 4723 1761 4781 meruisset
1785 4724 1857 4782 de

480 4797 767 4873 condigno
796 4796 1049 4869 aliquam
1087 4800 1289 4873 gratiae
1331 4803 1851 4871 conservationem,

482 4886 650 4954 atque
693 4879 820 4938 ideo
859 4878 1256 4939 infallibiliter
1307 4882 1559 4943 dandam
1606 4869 1876 4947 mense-⁶

483 4979 665 5038 quens
689 4968 774 5019 est
807 4963 1049 5020 omnino
1075 4961 1309 5034 falsum,
1340 4982 1471 5023 cum
1501 4970 1695 5042 plures
1731 4975 1858 5044 post

479 5043 735 5117 insignia
764 5044 974 5100 merita
998 5045 1205 5112 subito,
1237 5048 1332 5103 vel
1358 5049 1469 5107 cito
1491 5048 1762 5107 labantur
1788 5052 1854 5109 in

270 1437 325 1480 D.
345 1436 449 1481 Tho.

1540 381 1635 435 DE
1678 380 1986 436 PRAEMIO
2023 380 2302 435 unam.

1966 556 2256 625 poecatum
2282 571 2298 607 t
2319 567 2457 625 ergo
2475 549 2547 607 de
2569 550 2716 606 facto
2728 550 2924 623 justus
2945 564 3068 606 non
3090 551 3377 603 meretur

1964 631 2460 689 conservationem
2476 631 2540 686 in
2559 630 2768 703 gratia.
2789 628 2997 691 Tertio,
3010 627 3157 700 quia
3177 626 3377 683 etiam

1965 717 2317 786 sequeretur,
2350 727 2514 784 posse
2549 713 2772 783 justum
2818 709 2893 767 de
2933 710 3084 766 facto
3133 708 3372 764 mereri

1964 794 2250 868 condigne
2269 795 2764 865 perseverantiam
2785 790 3052 856 finalem,
3069 805 3180 845 seu
3203 789 3372 844 mori

1967 877 2034 932 in
2056 876 2244 951 gratia
2275 873 2464 946 :quod
2485 889 2658 930 nemo
2682 872 3119 928 Catholioorum
3145 869 3376 925 admit·

1968 962 2068 1012 tet.
2114 955 2355 1028 Sequela
2395 954 2739 1016 ostenditur,
2769 954 2910 1026 quia
2937 958 3124 1025 potest
3166 951 3375 1024 justus

1968 1035 2305 1092 immediate
2325 1040 2460 1092 ante
2487 1041 2734 1091 mortem
2755 1035 2968 1091 elicere
2993 1048 3183 1106 opera
3203 1033 3378 1088 mul-

1968 1120 2093 1171 tum
2138 1116 2443 1173 meritoria
2476 1137 2492 1171 t
2534 1131 2672 1189 ergo
2706 1116 2758 1170 si
2806 1115 2899 1170 his
2936 1111 3375 1184 correspondet

1967 1198 2326 1255 conservatio
2349 1196 2551 1272 gratiae
2580 1213 2683 1268 pro
2721 1196 2956 1270 majori,
2986 1204 3086 1251 aut
3127 1194 3370 1250 minori

1969 1278 2277 1336 duratione
2307 1278 2623 1335 secundum
2670 1279 3018 1334 meritorum
3061 1278 3370 1344 valorem,

1971 1361 2292 1419 merebitur
2324 1361 2512 1435 justus
2536 1360 2608 1419 de
2631 1359 2918 1433 condigno
2948 1360 3371 1417 conservatio-

1970 1458 2107 1499 nem
2139 1443 2357 1517 gratiae,
2388 1443 2595 1498 saltem
2634 1459 2738 1514 pro
2782 1442 3093 1498 duratione
3134 1441 3372 1497 imme-

1970 1522 2124 1580 diate
2141 1523 2422 1596 sequenti,
2454 1539 2597 1595 quae,
2623 1530 2684 1579 ut
2710 1523 3078 1597 supponitur,
3110 1528 3206 1579 est
3231 1522 3372 1577 ins-

1971 1609 2101 1660 tans
2150 1606 2372 1661 mortis.
2423 1607 2667 1677 Quarto,
2722 1611 2778 1661 et
2831 1605 3123 1678 praecipue
3148 1649 3163 1669 ,
3221 1603 3374 1675 quia

1973 1686 2276 1760 praedictus
2303 1686 2532 1743 dicendi
2561 1687 2764 1743 modus
2788 1690 3105 1760 opponitur
3132 1686 3204 1742 in
3226 1702 3370 1742 ma-

1972 1770 2120 1825 teria
2157 1768 2325 1824 valde
2361 1769 2528 1841 gravi
2578 1772 2878 1825 communi
2919 1772 2965 1824 T
2970 1771 3366 1842 heologorum

1970 1850 2291 1906 sententiae.

2045 1933 2138 1987 91.
2181 1932 2289 1988 Sed
2333 1948 2585 2004 oppones
2623 1949 2727 2006 pro
2765 1932 2973 1989 Suario
3013 1948 3205 1988 :nam
3254 1921 3544 2014 quiffgss

1975 2020 2231 2070 meretur
2256 2020 2629 2089 augmentum
2653 2017 2855 2088 gratiae
2884 2031 2988 2088 pro
3015 2015 3218 2087 aliqua
3243 2015 3368 2072 dn-

1976 2096 2224 2162 ratione,
2281 2103 2539 2153 meretur
2588 2098 2788 2171 gratiae
2843 2099 3366 2155 conservationem

1977 2195 2080 2252 pro
2103 2178 2305 2237 eadem
2332 2179 2636 2237 duratione
2667 2202 2682 2236 :
2709 2179 2810 2236 sed
2837 2179 3156 2237 secundum
3202 2199 3366 2253 prae-

1973 2267 2198 2318 sentem
2239 2262 2664 2335 providentiam
2702 2267 2884 2333 potest
2904 2263 3092 2337 justus
3133 2264 3364 2320 mereri

1976 2343 2046 2401 de
2084 2343 2369 2418 condigno
2419 2353 2792 2421 augmentum
2845 2349 3047 2420 gratiae
3089 2345 3364 2404 dandum

1976 2426 2287 2482 successive
2325 2443 2427 2498 pro
2468 2429 2658 2500 aliqua
2702 2426 3029 2492 duratione,
3060 2426 3364 2501 siquidem

1980 2513 2162 2580 potest
2186 2510 2526 2566 continuare
2575 2515 2762 2565 actum
2803 2509 3178 2566 meritorium
3220 2527 3364 2567 cnm

1979 2588 2206 2662 majori,
2238 2595 2296 2645 et
2321 2590 2528 2662 majori
2571 2590 2898 2646 intensione
2939 2606 3045 2662 pro
3081 2589 3364 2663 praedieta

1979 2669 2303 2734 duratione,
2346 2676 2546 2743 utputa
2580 2689 2682 2745 pro
2716 2670 2900 2742 spatio
2940 2672 3116 2727 unius
3143 2671 3310 2728 horae
3345 2695 3362 2727 ε

1978 2766 2116 2822 ergo
2158 2749 2472 2807 secundum
2527 2759 2866 2824 praesentem
2920 2750 3360 2825 providentiam

1980 2829 2107 2888 fieri
2137 2837 2337 2904 potest,
2362 2838 2421 2889 ut
2438 2835 2624 2908 justus
2644 2840 2936 2891 mereatur
2957 2834 3359 2891 conservatio—

1982 2931 2118 2972 nem
2162 2918 2363 2991 gratiae
2403 2933 2506 2990 pro
2552 2919 2745 2989 aliqua
2783 2917 3107 2974 duratione.
3141 2918 3352 2991 Major,

1982 2997 2045 3054 in
2082 3014 2193 3071 qua
2234 3004 2456 3071 poterat
2494 3014 2616 3055 esse
2656 2998 2978 3065 difficultas,
3027 2996 3303 3056 suadetur
3337 3020 3354 3053 ι

1981 3085 2106 3135 tum
2125 3080 2262 3152 quia
2290 3081 2486 3153 nequit
2510 3082 2696 3154 gratia
2725 3082 2945 3155 augeri,
2973 3081 3090 3136 nisi
3117 3096 3354 3137 conser-

1982 3166 2168 3227 vetur,
2200 3168 2256 3219 et
2281 3164 2542 3235 persistat
2569 3180 2739 3237 :ergo
2753 3165 2940 3238 justus
2967 3165 3067 3237 qui
3098 3169 3346 3219 meretur

1982 3247 2180 3320 gratiae
2206 3252 2599 3320 augmentum,
2632 3253 2889 3303 meretur
2933 3250 3116 3304 otiam
3148 3246 3338 3321 gratiae

1982 3331 2497 3386 conservationem.
2528 3332 2676 3385 Tum
2703 3330 2900 3396 etiam,
2933 3346 3073 3386 nam
3099 3331 3199 3403 qui
3223 3344 3347 3386 me-

1985 3418 2143 3469 retur
2184 3413 2390 3487 majus,
2422 3419 2678 3470 meretur
2704 3413 2880 3468 etiam
2919 3413 3072 3485 quod
3110 3418 3195 3469 est
3234 3410 3354 3468 mi-

1985 3511 2094 3551 nus
2127 3495 2267 3552 :sed
2305 3497 2490 3570 majus
2528 3496 2665 3568 quid
2709 3503 2792 3553 est
2831 3497 3081 3570 gratiam
3127 3495 3352 3570 angeri,

1984 3594 2157 3650 quam
2201 3577 2448 3651 gratiam
2496 3579 2954 3650 praeexistentem
2994 3577 3351 3643 conservari,

1985 3665 2047 3715 ut
2071 3675 2143 3716 ex
2167 3676 2229 3717 se
2266 3665 2526 3717 constare
2555 3659 2782 3716 videtur
2815 3675 2993 3732 :ergo
3025 3658 3215 3732 justus
3252 3659 3356 3731 qui

1984 3747 2241 3798 meretur
2259 3742 2458 3816 gratiae
2479 3747 2873 3814 augmentum,
2900 3746 3156 3797 meretur
3176 3742 3362 3798 etiam

1987 3823 2271 3897 praedictae
2288 3826 2489 3900 gratiae
2508 3824 3029 3880 conservationem.
3515 3894 3524 3899 ἢ

2059 3908 2456 3980 Respondetur
2485 3906 2745 3981 negando
2772 3908 3048 3979 majorem
3071 3931 3086 3974 ;
3112 3924 3253 3964 nam
3272 3914 3362 3980 (nt
3392 3897 3543 3988 ⁸3¹*

1987 3989 2102 4045 alia
2128 3989 2343 4045 motiva
2371 3995 2487 4044 tam
2515 3990 2780 4061 superius
2820 3989 3151 4059 insinuata,
3181 4009 3364 4066 quam

1987 4070 2144 4127 infra
2188 4069 2562 4142 expendenda
2607 4070 2963 4141 omittamus)
3008 4072 3159 4128 circa
3216 4090 3366 4149 aug-

1986 4156 2249 4209 mentum
2288 4152 2488 4226 gratiae
2523 4168 2624 4223 per
2652 4151 2888 4208 modum
2932 4154 3158 4223 praemii
3201 4154 3370 4211 adest

1986 4235 2057 4292 de
2106 4234 2253 4292 facto
2300 4235 2401 4290 Dei
2454 4240 2710 4308 pactum,
2764 4237 2856 4292 vel
2903 4237 3242 4309 promissio,
3300 4245 3371 4295 ut

1987 4314 2242 4372 vidimus
2292 4316 2418 4372 dub.
2469 4318 2816 4388 praecedenti,
2874 4337 3028 4376 num.
3080 4320 3189 4386 79,
3243 4335 3367 4376 non

1989 4403 2182 4455 autem
2211 4395 2367 4454 adest
2386 4395 2457 4454 de
2484 4398 2632 4456 facto
2657 4400 2807 4455 circa
2826 4401 3029 4474 gratiae
3048 4416 3367 4458 conserva-

1990 4480 2227 4548 tionem,
2254 4484 2317 4534 ut
2336 4485 2555 4535 constat
2591 4496 2662 4537 ex
2689 4482 2954 4554 proxime
2980 4480 3165 4538 dictis.
3195 4481 3370 4540 Unde

1987 4559 2114 4617 fieri
2144 4565 2344 4633 potest,
2379 4564 2439 4615 ut
2473 4561 2788 4618 secundum
2834 4570 3174 4636 praesentem
3224 4580 3371 4636 pro-

1988 4642 2308 4700 videntiam
2373 4641 2562 4716 justus
2625 4651 2918 4701 mereatur
2984 4651 3370 4721 augmentum

1986 4724 2205 4799 gratiae,
2236 4723 2378 4796 quin
2417 4725 2732 4781 secundum
2759 4724 3004 4783 eandem
3047 4725 3371 4798 providen-

1988 4806 2132 4861 tiam
2155 4809 2445 4861 mereatur
2463 4808 2664 4881 gratiae
2682 4808 3200 4871 conservationem,
3220 4822 3374 4881 prae-

1985 4889 2188 4946 sertim
2239 4905 2369 4946 cum
2422 4897 2797 4964 augmentum
2844 4892 3044 4966 gratiae
3091 4892 3373 4962 importet

1986 4969 2206 5044 aliquid
2236 4971 2344 5043 ipsi
2373 4973 2591 5045 gratiae,
2616 4978 2672 5029 et
2698 4975 2926 5030 meritis
2965 4970 3372 5046 superadden-

1987 5052 2128 5109 dum
2145 5076 2161 5121 ;
2191 5057 2247 5110 et
2269 5053 2505 5126 insuper
2532 5070 2604 5110 ex
2631 5060 2792 5127 parte
2823 5054 2922 5112 Dei
2950 5056 3102 5113 dicat
3143 5070 3370 5113 novum

3044 5135 3364 5205 decretum,
