3647 5753
1531 411 1711 502 DISP.
1756 412 1820 476 11,
1868 411 2032 465 DUB.
2080 412 2185 467 1v;

375 585 575 639 contra
601 582 836 635 Lorcam
863 580 992 634 dub.
1023 580 1242 651 praeced.
1274 578 1529 635 diximus
1555 602 1567 635 :
1608 596 1743 654 ergo

379 660 783 735 permanentia
836 661 1044 731 peccati
1091 660 1154 715 in
1198 661 1500 732 praesentia
1542 660 1742 734 gratia)

375 749 523 798 esset
546 757 690 813 opus
716 740 1143 797 miraculosum.

175 845 327 886 mma
462 823 583 878 108.
629 821 772 877 Huic
813 826 1171 894 argumento,
1221 825 1275 876 et
1314 819 1741 877 confirmationi

163 895 336 936 “²¹⁸¹ss
381 904 572 960 varias
599 902 931 960 Adversarii
961 901 1236 959 adhibent
1280 902 1613 969 solutiones»,
1644 902 1742 959 sed

382 983 805 1050 insufficientes,
859 990 921 1039 ut
956 999 1051 1040 eas
1105 982 1424 1048 referendo,
1474 989 1530 1038 et
1569 982 1743 1040 refel-

382 1064 550 1123 lendo
569 1064 866 1121 constabit.
890 1065 1088 1120 Primo
1103 1064 1367 1130 Scotistze,
1393 1069 1449 1120 et
1469 1063 1743 1120 Nomina-

380 1150 459 1204 les
486 1147 849 1220 respondent,
879 1147 1128 1220 gratiam
1151 1162 1270 1203 non
1298 1145 1510 1203 habere
1534 1161 1606 1202 ex
1633 1161 1742 1202 na—

375 1236 504 1284 tura
529 1243 632 1282 sua
654 1227 773 1282 vim
800 1226 1125 1300 expellendi
1157 1231 1447 1299 peccatum
1470 1249 1484 1292 ;
1533 1224 1632 1281 sed
1662 1224 1739 1281 il-

377 1308 474 1364 lud
533 1306 603 1363 de
668 1307 812 1364 facto
875 1307 1169 1378 expellere
1231 1322 1302 1362 ex
1367 1304 1743 1378 dispositione

373 1388 692 1444 extrinseca
764 1387 861 1442 Dei
894 1387 1198 1443 statuentis
1270 1390 1559 1458 peccatum
1609 1384 1741 1442 des-

378 1475 590 1538 truere,
636 1468 731 1524 ubi
780 1469 970 1541 primo
998 1468 1327 1525 infunditur
1352 1468 1538 1542 gratia
1571 1488 1584 1521 t
1619 1482 1743 1539 quae

380 1552 636 1623 alioquin
678 1557 880 1624 posset,
921 1552 1083 1608 nulla
1110 1550 1219 1607 sibi
1251 1549 1414 1606 illata
1442 1549 1736 1614 violentia,

376 1649 506 1689 cum
530 1639 752 1706 peccato
778 1633 1065 1707 conjungi,
1096 1633 1238 1705 quin
1266 1629 1498 1703 aliquod
1547 1631 1610 1685 in
1638 1629 1743 1686 hac

378 1713 776 1786 conjunctione
801 1713 1181 1770 interveniret
1203 1712 1569 1768 miraculum.

156 1793 340 1839 uescin-
452 1792 558 1850 Sed
579 1798 779 1850 contra
803 1797 887 1850 est
932 1814 945 1849 z
999 1793 1284 1858 Quoniam
1323 1791 1605 1857 doctrina,
1650 1791 1741 1847 cui

180 1851 352 1950 οῗιῖἐει.
382 1874 501 1931 haec
521 1873 817 1947 τρεμωείο
831 1874 1123 1942 innititur,
1134 1872 1608 1946 nequitsustineri
1621 1877 1745 1945 post

161 1944 362 1987 'ru—ment.
381 1956 701 2012 Concilium
727 1954 1155 2019 Tridentinum.
1202 1963 1267 2011 ut
1309 1956 1446 2014 satis
1484 1953 1743 2012 ostendi-

381 2052 510 2092 mus
529 2037 656 2092 dub.
693 2039 734 2102 1,
772 2040 804 2107 9
856 2037 913 2093 3.
955 2035 1275 2093 Concilium
1321 2036 1482 2093 euim
1529 2052 1657 2090 sesa.
1687 2037 1739 2102 6,

379 2136 499 2191 cap.
551 2121 609 2184 7,
639 2116 889 2174 declarat
925 2115 1391 2190 justificationem
1438 2115 1745 2189 peccatoris

380 2198 676 2273 complecti
729 2196 1260 2264 sanctificationem,
1314 2201 1371 2255 et
1424 2196 1746 2256 renovatio-

381 2295 514 2337 nem
556 2279 918 2344 interiorem,
969 2295 1033 2336 ac
1059 2278 1461 2335 remissionem
1492 2282 1745 2349 peccato-

383 2377 515 2418 rum
542 2384 556 2428 ;
592 2367 649 2416 et
676 2366 867 2433 postea
895 2360 1264 2427 determinat,
1296 2360 1445 2431 quod
1468 2358 1745 2433 justifica-

383 2442 560 2498 tionis
603 2462 630 2492 «
683 2442 851 2497 unica
890 2456 1060 2497 causa
1100 2441 1366 2497 formalis
1404 2446 1488 2496 est
1522 2439 1746 2514 justitia

395 2544 422 2575 ιι
451 2521 572 2586 Dei,
604 2536 721 2577 non
745 2537 856 2593 qua
892 2523 1020 2595 ipse·
1033 2521 1220 2596 justus
1245 2527 1348 2588 est,
1378 2520 1472 2578 sed
1509 2537 1619 2593 qua
1642 2537 1747 2578 nos

398 2625 424 2655 ιι
448 2602 629 2676 iustos
655 2602 803 2667 facit,
828 2618 934 2674 qua
955 2603 1220 2660 videlicet
1242 2619 1275 2660 a
1298 2604 1411 2659 Deo
1438 2601 1636 2660 donati
1661 2618 1746 2660 re-

397 2706 424 2736 ιι
454 2699 736 2740 novamur
777 2684 981 2757 spiritu
1010 2685 1221 2740 mentis
1243 2689 1453 2740 nostrae
1484 2705 1497 2738 ε
1539 2690 1596 2740 et
1626 2697 1740 2741 non

395 2787 421 2816 ιι
449 2763 620 2821 modo
643 2769 993 2836 reputamur,
1019 2765 1119 2822 sed
1145 2780 1281 2821 vere
1302 2764 1441 2838 susti
1470 2765 1746 2821 nomina-

390 2866 416 2899 ιι
446 2859 593 2913 mur,
623 2851 679 2902 et
715 2860 931 2913 sumuS,
957 2845 1241 2920 justitiam
1289 2845 1352 2901 in
1394 2844 1559 2902 nobis
1599 2842 1748 2901 reci-

389 2948 415 2976 ιι.
446 2925 684 2996 pientes,
710 2926 1099 2998 unusquisque
1122 2943 1356 2983 suam.»
1383 2927 1520 2990 Quae
1542 2925 1748 2982 Conci-

384 3006 452 3062 lii
473 3005 732 3064 doctrina
751 3005 1042 3064 verificari
1065 3008 1280 3081 nequit,
1305 3008 1354 3063 si
1377 3006 1749 3065 Adversario·

386 3104 516 3144 rum
545 3088 830 3161 principia
855 3095 990 3145 sunt
1030 3105 1181 3146 vera.
1213 3091 1362 3145 Tum
1407 3088 1541 3162 quia
1578 3103 1748 3146 causa

385 3169 647 3226 formalis
673 3175 864 3226 causat
890 3186 1059 3226 suum
1086 3168 1347 3227 effectum
1390 3185 1490 3242 per
1516 3168 1750 3226 exhibi⁴

383 3250 600 3306 tionem
633 3265 751 3305 suae
788 3250 1063 3317 entitatis,
1123 3256 1182 3306 ut
1218 3250 1509 3307 inductive
1572 3255 1753 3322 potest

382 3329 608 3387 ostendi
638 3351 652 3387 ε
691 3330 846 3402 atqui
886 3331 1072 3405 gratia
1092 3346 1209 3387 non
1237 3330 1482 3388 remittit
1529 3335 1751 3403 peccata

387 3424 492 3482 per
514 3408 933 3467 exhibitionem
955 3426 1071 3467 suae
1088 3410 1366 3477 entitatis,
1397 3409 1497 3467 sed
1527 3425 1627 3482 per
1647 3422 1751 3466 ex-

385 3490 696 3545 trinsecam
742 3488 1174 3564 dispositionem
1226 3489 1327 3547 Dei
1371 3489 1754 3547 condonantis

389 3574 630 3641 peccata,
679 3586 810 3627 cum
854 3571 1100 3645 gratiam
1148 3571 1292 3627 alias
1356 3570 1637 3638 infundit,
1693 3575 1755 3625 ut

386 3651 591 3707 docent
634 3650 970 3721 Adversarii
1004 3672 1019 3707 ε
1066 3668 1201 3727 ergo
1245 3653 1433 3727 gratia
1485 3666 1604 3709 non
1642 3651 1755 3708 erit

386 3747 559 3788 causa
581 3732 851 3789 formalis
886 3731 1331 3807 justificationis,
1356 3728 1360 3739 ⁴
1389 3738 1450 3788 ut
1474 3731 1756 3790 determi-

389 3818 495 3869 nat
522 3813 862 3870 Concilium.
888 3816 1036 3869 Tum
1068 3819 1357 3888 praeterea,
1387 3813 1523 3887 quia
1551 3813 1600 3868 si
1621 3827 1758 3887 gra-

390 3892 473 3947 tia
498 3907 568 3950 ex
594 3899 801 3951 natura
823 3910 926 3951 sua
947 3909 1065 3950 non
1084 3895 1323 3968 expellit
1345 3890 1757 3968 peccatum,sed

392 3972 711 4045 requiritur
748 3988 896 4031 nova
926 3975 1070 4032 actio
1096 3975 1196 4032 Dei
1234 3979 1524 4047 peccatum
1552 3971 1758 4030 remit-

390 4055 566 4111 tentis
585 4099 598 4122 ,
667 4057 963 4129 perspicue
1019 4056 1289 4122 infertur,
1356 4054 1758 4113 remissionem

393 4141 774 4207 peccatorum,
800 4143 1083 4211 quatenus
1116 4139 1311 4203 talem,
1343 4152 1460 4194 non
1501 4134 1629 4192 fieri
1660 4149 1760 4208 per

396 4216 647 4273 formam
693 4218 1068 4275 intrinsecam
1118 4219 1273 4288 (licet
1323 4217 1490 4284 alias,
1546 4220 1604 4273 et
1657 4230 1760 4289 pro

359 4299 529 4354 ·aliis
565 4299 860 4357 effectibus
886 4300 1073 4357 forma
1118 4300 1436 4357 intrinseca
1475 4298 1762 4357 nohisin-

394 4377 713 4452 fundatur),
741 4379 840 4438 sed
863 4380 1175 4439 consistere
1199 4380 1264 4437 in
1290 4380 1395 4438 illo
1438 4378 1762 4436 extrinseco

393 4460 497 4517 Dei
519 4460 717 4518 favore
743 4461 925 4535 :quod
941 4460 1268 4519 asserebant
1281 4459 1535 4517 haeretici
1558 4460 1764 4516 Luthe·

396 4541 550 4609 rani,
579 4547 637 4599 et
687 4542 1097 4600 Tridentinum
1142 4541 1465 4599 damnavit.
1513 4542 1584 4597 Et
1627 4541 1764 4613 quia

394 4623 652 4695 opposita
691 4623 955 4681 doctrina
983 4624 1124 4680 satis
1169 4623 1446 4681 convulsa
1471 4627 1668 4678 manet
1691 4636 1765 4679 ex

394 4702 565 4761 dictis
591 4706 712 4763 loco
735 4705 928 4772 citato,
961 4703 1090 4763 ideo
1117 4705 1179 4762 in
1206 4720 1275 4762 ea
1302 4704 1554 4776 amplius
1589 4701 1766 4760 refel-

396 4786 569 4845 lenda
587 4802 707 4844 non
729 4788 1135 4855 immoramur,
1161 4786 1262 4844 sed
1284 4786 1508 4855 falsam,
1537 4790 1595 4842 et
1642 4785 1767 4840 inu-

397 4868 564 4925 tilem
591 4867 663 4925 ad
683 4868 1080 4926 ventilandam
1101 4869 1494 4926 difficultatem
1523 4880 1768 4939 praesen-

153 4955 351 5009 Snarez.
399 4947 477 5007 tis
500 4948 662 5008 dubii
689 4951 1090 5025 supponimus.
1118 4949 1393 5009 Videatur
1419 4949 1629 5006 Suarez
1667 4949 1763 5004 cit.

397 5031 498 5092 tib.
521 5035 577 5101 7,
601 5049 724 5106 cap.
757 5035 842 5100 19,
867 5051 1022 5091 num.
1076 5035 1160 5100 ll,
1205 5032 1302 5105 qui
1343 5031 1475 5089 licet
1514 5028 1678 5087 nobis
1705 5029 1767 5085 in

3131 414 3243 467 373

1877 581 2165 640 decisione
2211 583 2381 656 hujus
2419 583 2578 640 dubii
2610 581 2983 647 adversetur;
3020 582 3241 639 nihilo-

1877 664 2076 718 minus
2122 664 2319 720 relatis
2345 665 2525 728 Scoto,
2557 663 2841 728 Gabriele,
2873 668 2929 719 et
2974 663 3105 718 aliis
3132 664 3242 717 Au·

1880 744 2140 802 thoribus
2186 746 2577 819 responsionis
2602 761 2778 818 supra
2803 744 2969 810 datm,
3002 745 3192 818 inquit
3226 767 3238 799 ε

1856 831 1909 877 ἰι
1942 825 2011 881 Hi
2058 841 2196 883 vero
2235 826 2518 883 Authores
2546 825 2856 899 procedunt
2880 841 2950 882 ex
2978 826 3081 883 illo
3104 825 3239 881 fun-

1884 928 1910 959 ιι
1938 905 2229 972 damento,
2255 908 2403 981 quod
2425 908 2628 982 gratia,
2661 913 2717 963 et
2742 907 2992 963 charitas
3019 923 3134 964 non
3157 912 3242 963 est

1884 1008 1910 1039 «
1937 988 2183 1059 qualitas
2223 993 2430 1045 natura
2458 1003 2561 1043 sua
2610 988 2822 1043 faciens
2867 991 3115 1061 gratum,
3147 988 3238 1043 vel

1852 1083 1860 1090 ·
1884 1090 1910 1120 ιι
1941 1068 2156 1125 habens
2184 1070 2601 1143 oppositionem
2647 1070 3082 1126 connaturalem
3110 1084 3239 1124 cum

1883 1171 1910 1200 ιι
1940 1155 2183 1222 peccato.
2220 1153 2287 1205 Et
2316 1149 2393 1205 ita
2422 1155 2657 1223 possunt
2699 1165 2802 1222 pro
2829 1149 2933 1205 hac
2958 1149 3241 1206 sententia

1884 1251 1909 1280 ιι
1939 1229 2103 1286 citari
2149 1231 2399 1287 Joannes
2443 1229 2515 1286 de
2559 1229 2809 1299 Medina,
2843 1234 2899 1285 et
2938 1229 3040 1285 alii
3068 1244 3241 1301 supra

1884 1332 1909 1361 ιι
1941 1311 2170 1385 allegati
2200 1328 2303 1386 pro
2352 1311 2455 1367 illa
2493 1313 2778 1368 sententia
2805 1336 2818 1375 ;
2849 1327 2986 1368 nam
3027 1326 3098 1367 ex
3142 1310 3244 1366 illo

1883 1416 1909 1446 ιι
1939 1392 2317 1450 fundamento
2343 1394 2666 1450 necessario
2699 1394 2956 1466 sequitur
3004 1392 3123 1449 haec
3151 1407 3243 1447 as·

1883 1496 1908 1526 ιι
1938 1473 2130 1529 sertio,
2163 1472 2269 1530 Sed
2300 1473 2444 1530 illud
2474 1474 2638 1531 nobis
2671 1475 2915 1546 omnino
2957 1472 3239 1545 displicet,

1884 1577 1910 1606 ιι
1939 1558 2000 1608 ut
2025 1569 2199 1625 supra
2226 1553 2483 1611 diximus
2528 1576 2542 1610 :
2573 1570 2757 1627 neque
2804 1555 2907 1611 illa
2934 1553 3240 1620 sententia,

1885 1656 1910 1686 ιι
1941 1639 2002 1689 ut
2029 1634 2091 1689 in
2121 1634 2223 1691 illo
2252 1633 2503 1696 fundata,
2546 1640 2630 1691 est
2659 1633 2976 1706 probabilis
3017 1656 3030 1690 ε
3058 1647 3246 1705 neque

1885 1739 1910 1768 ιι
1940 1716 2230 1791 Theologi,
2261 1716 2357 1788 qui
2386 1731 2456 1772 ex
2485 1716 2589 1774 illo
2617 1715 2992 1774 fundamento
3021 1716 3111 1771 illi
3141 1714 3243 1771 ad-

1884 1819 1911 1848 «
1940 1796 2247 1859 haeserunt,
2279 1794 2684 1852 authoritatem
2720 1795 2812 1851 illi
2852 1795 3182 1853 conciliant.
3217 1817 3241 1846 »

1961 1877 2083 1931 109.
2126 1873 2383 1931 Secundo
2411 1874 2713 1946 respondet
2738 1875 2984 1948 Ripalda
3024 1882 3152 1931 tom.
3186 1876 3241 1940 2,
3285 1881 3415 1924 Alina

1878 1957 2083 2030 disput.
2113 1957 2215 2013 ult.
2260 1973 2360 2014 sec.
2401 1958 2485 2022 16,
2535 1973 2660 2011 cum
2686 1973 2797 2032 seq.
2846 1957 3096 2030 gratiam
3138 1957 3246 2012 ha·
3299 1931 3427 2037 ffiffiuffi,

1879 2036 2015 2094 bere
2034 2036 2266 2110 quidem
2291 2037 2352 2091 in
2369 2041 2492 2092 actu
2512 2036 2719 2109 primo,
2747 2042 2802 2093 et
2821 2052 2892 2094 ex
2914 2041 3125 2093 natura
3146 2053 3248 2093 sua
3263 2029 3455 2081 ¹³¹¹·³¹‘¹³·

1880 2119 2002 2174 vim
2022 2116 2350 2190 expellendi
2370 2122 2676 2190 peccatum,
2702 2123 2757 2174 et
2775 2119 3099 2174 naturalem
3116 2134 3246 2174 cum

1879 2215 1947 2256 eo
1993 2198 2444 2270 oppositionem;
2488 2211 2603 2253 non
2658 2202 2852 2254 tamen
2901 2199 3247 2255 naturaliter

1880 2275 2351 2349 insuperabilem,
2383 2275 2481 2333 sed
2507 2292 2632 2349 qua}
2657 2276 2868 2350 absque
2887 2278 3008 2333 ulla
3048 2278 3249 2351 gratia}

1881 2360 2179 2425 violentia,
2222 2364 2279 2416 et
2303 2359 2433 2416 sine
2457 2359 2652 2432 aliquo
2693 2359 2981 2415 miraculo
3019 2358 3246 2416 devinci

1879 2446 2068 2515 queat.
2094 2442 2238 2496 Nam
2285 2440 2490 2513 gratia,
2538 2440 2725 2511 inquit
2754 2440 2873 2504 ille,
2923 2444 3158 2495 eatenus
3178 2454 3248 2495 ex

1882 2526 2087 2577 natura
2128 2537 2231 2577 sua
2271 2520 2478 2595 gaudet
2504 2520 2656 2576 viad
2683 2519 3094 2594 detergendum
3124 2534 3250 2592 pec—

1880 2606 2023 2667 cata,
2048 2605 2327 2673 quatenus
2346 2617 2450 2657 sua
2472 2599 2726 2658 bonitate
2748 2600 2930 2655 allicit
2957 2602 3157 2666 Deum,
3186 2607 3247 2656 ut

1882 2687 2169 2756 peecatum
2195 2682 2485 2738 remittat:
2510 2682 2654 2737 sicut
2677 2680 2953 2737 meritum
2985 2687 3250 2754 provocat

1883 2763 2093 2836 ipsum,
2120 2769 2180 2818 ut
2198 2762 2501 2835 praemium
2526 2763 2826 2837 largiatur.
2847 2760 2953 2818 Sed
2974 2763 3107 2834 quia
3132 2777 3250 2819 non

1880 2850 1966 2902 est
1985 2847 2140 2901 tanta
2162 2843 2385 2902 bonitas
2403 2843 2619 2919 gratiae,
2639 2848 2853 2917 quanta
2872 2843 3098 2900 malitia
3122 2858 3251 2917 pec-

1880 2926 2029 2991 cati;
2075 2940 2178 2982 nec
2224 2927 2371 2981 Deus
2414 2924 2525 2980 sibi
2573 2930 2798 2980 tantum
2839 2924 3148 2996 complacet
3189 2924 3255 2980 in

1881 3007 2085 3079 gratia,
2118 3010 2398 3079 quantum
2452 3005 2561 3078 ipsi
2611 3004 2876 3078 displicet
2927 3011 3214 3076 peccatum
3243 3029 3256 3071 ;

1884 3086 2094 3143 idcirco
2120 3091 2300 3158 potest
2326 3083 2536 3158 absque
2564 3086 2685 3142 ulla
2712 3084 3010 3150 violentia,
3032 3085 3123 3141 vel
3152 3086 3257 3141 mi-

1886 3167 2082 3225 raculo
2109 3173 2233 3239 post
2280 3166 2637 3223 infusionem
2664 3165 2864 3239 gratiae
2910 3164 3255 3223 destructio-

1886 3265 2020 3306 nem
2064 3248 2271 3322 peccati
2305 3246 2670 3321 suspendere.
2723 3246 2888 3303 Unde
2933 3247 3253 3303 necessaria

1884 3334 1970 3386 est
1995 3343 2146 3384 nova
2191 3328 2354 3395 actio,
2386 3342 2678 3398 novusque
2719 3326 2900 3392 favor,
2969 3333 3031 3381 ut
3072 3326 3251 3398 posita

1885 3408 2090 3484 gratia,
2124 3412 2408 3481 peccatum
2440 3407 2784 3479 expellatur.
2829 3408 2965 3470 Quae
2990 3405 3254 3462 doctrina

1887 3488 2027 3547 adeo
2072 3490 2182 3562 ipsi
2231 3488 2464 3550 arridet,
2521 3492 2584 3542 ut
2632 3493 2847 3544 asserat
2888 3502 3017 3543 eam
3065 3487 3252 3544 videri

1888 3569 2141 3627 Concilio
2159 3568 2502 3626 Tridentino
2517 3567 2700 3641 magis
2716 3565 3071 3623 conformem
3096 3583 3108 3617 :
3130 3573 3253 3623 tum
3286 3585 3443 3642 concii

1886 3651 2020 3724 quia
2042 3650 2364 3706 Concilium
2391 3648 2693 3721 distinguit
2721 3646 3064 3703 beneficium
3094 3646 3255 3703 infu-
3268 3635 3442 3677 ‘rudem

1888 3731 2070 3789 sionis
2089 3732 2302 3806 gratiae,
2330 3746 2363 3786 a
2391 3727 2665 3786 beneficio
2689 3727 3049 3785 remissionis
3071 3744 3255 3801 pecca—

1889 3817 2081 3870 torum
2108 3827 2121 3861 z
2149 3826 2285 3866 nam
2306 3826 2435 3865 sess.
2465 3810 2520 3876 6,
2548 3825 2669 3880 cap.
2692 3810 2749 3873 7,
2776 3805 2932 3872 dicit,
2964 3807 3113 3881 quod
3131 3808 3255 3882 jus—

1891 3892 2127 3949 tificatio
2150 3908 2257 3947 non
2281 3897 2357 3946 est
2378 3890 2495 3946 sola
2524 3896 2867 3962 peccatorum
2894 3891 3257 3955 remiss-imam

1890 3982 1966 4031 est
2007 3975 2391 4041 sanctificatio.
2438 3973 2507 4026 Et
2534 3971 2723 4027 infra:
2752 3970 2827 4028 In
2856 3970 3257 4042 justificatione

1892 4074 2015 4113 cum
2039 4056 2354 4127 remissione
2376 4059 2723 4126 peccatorum
2748 4052 2855 4107 Ιιιυο
2874 4053 3062 4106 omnia
3087 4054 3259 4107 simul

1893 4140 2084 4212 infusa
2112 4140 2311 4212 accipit
2338 4137 2515 4201 homo,
2545 4143 2645 4190 etc.
2676 4136 2823 4190 Tum
2853 4134 2986 4207 qnia
3027 4151 3150 4189 can.
3193 4136 3252 4189 ll

1866 4221 2057 4277 ‘illius
2076 4219 2349 4277 sessionis
2373 4217 2589 4281 statuit,
2620 4216 2892 4270 hominem
2920 4232 3028 4269 non
3043 4217 3259 4286 justifi—

1893 4303 2015 4357 cari
2039 4300 2151 4355 solo
2178 4301 2369 4372 favore
2406 4304 2629 4352 coeterno
2658 4294 2799 4349 Dei:
2836 4308 2973 4368 ergo
3001 4294 3262 4350 insinuat

1894 4380 1964 4438 ad
1992 4379 2455 4455 justificationem
2500 4373 2717 4447 requiri
2760 4373 3017 4430 favorem
3065 4375 3256 4439 illum,

1896 4464 2027 4520 licet
2054 4461 2259 4519 habeat
2286 4460 2614 4534 adjunctam
2636 4454 2912 4531 gratiam>

1970 4542 2078 4600 Sed
2107 4543 2224 4598 haec
2248 4540 2459 4598 solutio
2481 4552 2600 4595 non
2621 4535 2817 4593 differt
2836 4551 2869 4593 a
2891 4537 3263 4609 responsione
3276 4563 3465 4607 conrum-

1896 4639 2084 4697 nuper
2105 4623 2523 4696 impugnata,et
2544 4618 2745 4691 plures
2766 4616 3265 4689 inconsequentias
3329 4620 3405 4657 ¹⁰¹²

1900 4704 2166 4762 involvit.
2211 4707 2357 4758 Nam
2405 4701 2468 4757 in
2506 4698 2712 4771 primis
2751 4697 3018 4762 Scotistae‚
3052 4697 3172 4753 imo
3209 4700 3266 4752 et

1899 4784 2238 4843 Nominales
2259 4797 2378 4839 non
2406 4783 2636 4854 negant,
2669 4777 2916 4851 gratiam
2943 4791 3065 4833 esse
3083 4777 3267 4848 quali-

1900 4872 2074 4923 tatem
2102 4862 2271 4921 valde
2291 4862 2687 4926 excellentem,
2717 4863 2774 4914 et
2798 4872 2924 4930 quae
2950 4858 3130 4913 Deum
3154 4857 3267 4912 ali-

1899 4947 2150 5023 qualiter
2177 4944 2397 5001 alliciat
2435 4941 2506 5000 ad
2535 4938 2744 5015 peccati
2776 4937 3221 4996 destructionem
3251 4963 3263 5004 ;

1903 5027 2002 5087 sed
2046 5025 2103 5083 id
2134 5025 2325 5098 palam
2352 5022 2685 5093 concedunt,
2727 5026 2789 5078 ut
2815 5018 2992 5078 refert
3012 5020 3267 5091 vasquez
