3647 5753
93 2304 283 2363 pubiola

93 2354 288 2413 inciden-

93 2409 156 2447 tia
167 2405 301 2448 resol-

110 2459 284 2498 vuntur.

1453 402 1860 458 ARTICULUS
1902 405 1998 458 111.
3048 407 3160 462 535

298 571 618 629 inbaerebat
643 573 1048 641 sententiam§
1089 572 1124 627 3
1163 572 1470 645 proposita.
1503 570 1664 636 Quod

298 656 349 711 si
372 659 433 712 D.
462 655 668 711 Thom.
698 652 945 709 recurrit
984 651 1053 707 ad
1100 668 1317 709 novum
1366 651 1664 708 charitatis

300 736 610 802 fervorem,
641 748 811 806 quem
851 734 1237 798 Sacramenta,
1270 736 1328 788 et
1368 733 1558 806 gratia
1601 732 1666 787 in

299 817 384 873 eis
404 815 537 872 data
557 815 827 878 excitant,
846 812 904 868 id
928 829 1044 870 non
1068 813 1201 870 facit
1220 813 1355 884 quia
1376 813 1668 869 existimet

304 895 457 952 hunc
477 896 765 953 fervorem
790 895 1007 966 requiri
1035 894 1104 951 ad
1126 893 1368 950 delenda
1384 893 1661 957 venialia,

302 976 373 1033 de
417 976 625 1051 quibus
672 975 844 1031 homo
895 976 1249 1031 attritionem
1298 973 1538 1039 habuit;
1568 971 1668 1028 sed

303 1059 441 1132 quia
468 1059 559 1115 hic
585 1058 767 1123 dolor,
798 1074 895 1114 seu
945 1058 1138 1114 fervor
1173 1056 1560 1114 communiter
1604 1054 1668 1109 in

303 1141 679 1197 sacramentis
714 1139 1012 1204 excitatur,
1042 1146 1095 1195 ct
1135 1155 1236 1212 per
1265 1139 1435 1194 illum
1464 1135 1667 1191 delen-

305 1228 400 1277 tur
428 1222 625 1294 aliqua
651 1226 872 1293 peccata
892 1220 1164 1285 venialia,
1184 1220 1253 1276 de
1272 1219 1479 1293 quibus
1495 1218 1668 1274 homo

307 1303 468 1376 prius
522 1318 639 1359 non
680 1301 956 1358 babuerat
1002 1301 1381 1357 attritionem.
1416 1298 1582 1355 Unde
1605 1297 1668 1352 in

305 1386 680 1441 sacramentis
706 1382 965 1455 quaedam
994 1382 1251 1438 venialia
1288 1381 1558 1438 delentur
1596 1395 1668 1437 ex

308 1481 478 1538 opere
518 1465 829 1538 operantis,
858 1463 1125 1521 videlicet
1165 1477 1268 1544 per
1307 1462 1668 1518 attritionem

311 1545 382 1602 ad
419 1561 494 1603 *ea
542 1549 800 1607 relatam.
834 1552 890 1602 et
940 1550 1320 1610 sacramento,
1370 1548 1427 1600 et
1471 1542 1671 1617 gratiae

307 1629 712 1684 sacramentali
756 1628 1167 1700 conjunctam:
1217 1622 1476 1696 quaedam
1530 1638 1670 1681 vero

308 1724 381 1765 ex
406 1724 577 1782 opere
604 1714 852 1781 operato,
886 1707 1170 1761 nimirum
1213 1721 1314 1778 per
1354 1705 1665 1770 fervorem,

309 1791 407 1864 qui
430 1790 499 1846 ad
519 1792 766 1865 gratiam
790 1789 852 1843 in
873 1792 1232 1843 sacramento
1265 1790 1547 1859 receptam
1571 1800 1672 1856 per
1722 1797 1725 1804 ⁴

306 1888 367 1928 se
394 1869 678 1943 loquendo
698 1870 1087 1940 consequitur,
1121 1866 1266 1923 etad
1296 1868 1413 1923 alia
1440 1867 1673 1923 diversa

308 1959 529 2026 peccata
553 1949 896 2013 formaliter,
918 1953 1015 2004 aut
1037 1948 1368 2005 virtualiter
1397 1946 1666 2012 refertur,

269 2045 275 2051 ·
312 2041 565 2107 utsupra
592 2032 992 2105 explicuimus,
1010 2033 1079 2084 Et
1101 2031 1163 2085 in
1192 2030 1295 2085 hoc
1315 2044 1482 2085 sensu
1506 2027 1673 2084 subs-

308 2116 589 2173 cribimus
628 2114 881 2171 absolute
924 2119 1140 2187 quartae
1161 2111 1443 2185 opinioni.
1465 2112 1543 2167 De
1561 2126 1673 2183 quo

314 2197 486 2254 latius
512 2198 633 2254 loco
655 2197 824 2253 citato
848 2211 919 2252 ex
946 2196 980 2250 3
1007 2199 1185 2267 parte.

387 2279 517 2334 334.
564 2279 629 2332 In
657 2276 771 2333 fine
800 2277 967 2350 hujus
1006 2274 1389 2346 dubii'posset
1429 2271 1668 2344 inquiri,

313 2374 437 2430 quae
463 2359 552 2426 sit,
585 2358 819 2432 proprie
841 2355 1143 2430 loquendo,
1172 2354 1359 2410 forma
1380 2354 1676 2425 expellens

316 2441 591 2508 venialia,
624 2448 891 2497 actus-ne
913 2437 1228 2502 charitatis,
1261 2451 1359 2492 seu
1388 2435 1677 2508 poeniten-

318 2524 410 2580 tiae
436 2547 449 2583 ς
481 2538 557 2578 an
604 2526 793 2577 autem
845 2519 1032 2595 gratia
1076 2516 1454 2584 sanctificans,
1500 2522 1562 2572 ut
1616 2530 1677 2572 se

315 2606 608 2679 explicans
637 2605 700 2660 in
742 2605 913 2660 talem
944 2608 1132 2659 actum
1155 2604 1182 2657 P
1207 2599 1314 2656 Sed
1337 2601 1440 2656 hoc
1469 2613 1675 2671 parum

312 2685 552 2742 interest
578 2683 648 2740 ad
677 2684 845 2756 hujus
871 2682 1033 2738 dubii
1066 2681 1496 2745 resolutionem,
1523 2683 1579 2735 et
1605 2675 1676 2733 ad

312 2766 615 2822 veritatem
666 2770 874 2821 nostrae
925 2761 1221 2819 doctrinae.
1270 2759 1677 2818 verosimilius

313 2852 505 2904 autem
547 2849 798 2920 apparet,
837 2849 893 2901 et
938 2860 1114 2917 supra
1161 2841 1382 2911 dictis§
1420 2842 1465 2907 l,
1493 2838 1677 2914 magis

313 2929 626 2995 conforme,
653 2927 802 3001 quod
828 2927 1014 3002 gratia
1042 2925 1165 2998 ipsa
1193 2931 1255 2981 ut
1281 2923 1522 2988 fervida,
1554 2922 1678 2978 sive

314 3018 375 3068 ut
400 3015 849 3069 connotat-actus
876 3007 1132 3065 venialia
1182 3010 1572 3070 retractante5‚
1603 3001 1676 3058 sit

316 3091 503 3148 forma
523 3090 720 3148 delens
747 3088 1019 3145 venialia.
1050 3090 1116 3142 In
1138 3102 1250 3159 quo
1275 3086 1411 3159 quia
1441 3100 1532 3141 res
1560 3098 1678 3142 non

317 3174 485 3230 multi
509 3172 791 3229 momenti
816 3175 917 3236 est,
962 3185 1080 3227 non
1103 3172 1323 3240 oportet
1346 3165 1674 3223 immorari.

390 3254 614 3325 Inquiri
661 3252 837 3309 etiam
889 3253 1093 3323 posset,
1150 3246 1399 3320 qualiter
1450 3246 1681 3321 singula

318 3340 693 3400 sacramenta,
720 3338 777 3389 et
804 3329 1245 3387 sacramentalia
1288 3326 1517 3383 deleant
1555 3326 1681 3381 cul-

321 3431 419 3488 pas
457 3416 734 3481 veniales,
766 3417 822 3469 et
871 3411 999 3483 quis
1046 3410 1123 3465 sit
1171 3406 1680 3464 sacramentalium

322 3512 617 3561 numerus,
638 3508 834 3568 quaeve
857 3490 1145 3547 institutio
1177 3511 1190 3546 :
1220 3488 1319 3544 sed
1342 3488 1446 3545 hoc
1471 3490 1684 3558 spectat

325 3575 395 3632 ad
422 3580 725 3633 tractatum
748 3572 818 3629 de
846 3569 1214 3637 Poenitentia,
1247 3566 1393 3624 et‘de
1412 3582 1480 3623 eo
1507 3571 1686 3640 agunt

324 3658 594 3733 Theologi
616 3660 650 3713 3
665 3662 816 3730 part.
843 3661 1030 3732 quaest.
1059 3655 1152 3708 87.

396 3741 652 3797 Tandem
682 3743 867 3812 posset
893 3735 1136 3809 inquiri,
1168 3750 1271 3808 per
1312 3730 1450 3806 quid
1480 3728 1687 3787 remit-

323 3828 581 3881 terentur
607 3821 864 3878 venialia
890 3819 1197 3876 commissa
1236 3816 1300 3872 in
1327 3821 1477 3871 statu
1507 3827 1688 3886 puro-

325 3919 478 3960 rum.
511 3902 596 3957 Ad
622 3900 771 3974 quod
800 3896 1264 3972 respondendum
1290 3898 1395 3961 est,
1423 3892 1687 3967 praedicta

327 3987 548 4057 peccata
577 3997 693 4038 non
721 3996 880 4054 posse
910 3979 1128 4037 remitti
1157 3976 1367 4048 absque
1396 3981 1521 4032 actu
1547 3989 1689 4030 con-

326 4064 583 4122 tritionis
604 4063 991 4129 formaliS,aut
1013 4060 1281 4118 virtualis
1304 4059 1443 4133 ipsis
1464 4059 1691 4114 incom-

327 4146 607 4221 possibili,
629 4150 685 4202 et
706 4145 1048 4220 repugnanti
1071 4160 1144 4200 ex
1165 4149 1372 4199 natura
1390 4140 1474 4197 rei
1506 4160 1519 4195 ε
1540 4136 1691 4212 quod

326 4228 466 4285 satis
506 4232 723 4284 constat
762 4242 833 4282 ex
873 4226 1145 4282 hactenus
1183 4223 1366 4279 dictis.
1398 4224 1552 4294 Opus
1602 4225 1693 4275 ta-

328 4323 467 4365 men
519 4322 636 4363 non
675 4311 822 4363 esset
863 4305 1209 4363 contritione
1236 4299 1687 4376 supernaturali,

328 4389 464 4463 quia
484 4388 753 4460 praedicta
798 4391 1021 4459 peccata
1064 4390 1292 4458 possent
1343 4382 1562 4441 auferri
1592 4397 1695 4454 per

332 4483 590 4526 amorem
637 4468 938 4524 entitative
991 4465 1316 4522 naturalem
1336 4508 1349 4534 ,
1408 4468 1469 4518 ut
1520 4477 1695 4534 supra

335 4550 761 4606 insinuavimus
788 4548 919 4604 dub.
946 4550 1001 4614 7,
1025 4564 1183 4602 num.
1205 4548 1336 4612 293,
1372 4544 1471 4600 ubi
1497 4543 1695 4617 posui-

335 4648 465 4688 mus
489 4632 774 4688 rationem
797 4628 1136 4685 differentiae
1158 4628 1312 4684 inter
1327 4630 1551 4699 peccata
1570 4626 1698 4699 gra·

338 4714 452 4781 via,
478 4720 536 4771 et
561 4713 714 4771 levia
753 4709 1011 4785 praedicti
1056 4714 1255 4765 status.
1283 4711 1352 4764 Et
1391 4709 1511 4766 haec
1549 4707 1699 4765 dicta

338 4797 622 4869 sufficiant
644 4796 715 4854 de
744 4797 933 4852 forma
954 4790 1323 4866 justificante.

2266 580 2578 623 ARTICULUS
2606 582 2686 622 111.

1801 691 1945 733 Utrum
1974 689 2031 731 ad
2049 690 2399 742 metm-ationem
2429 691 2554 790 ἴηίρὶἱ
2588 691 2834 745 requiratur
2863 693 2998 733 motus
3033 690 3163 734 liberi

2377 758 2430 789 ar
2457 761 2470 788 ι
2493 759 2568 790 ru.

1844 883 1911 925 Ad
1939 884 2105 928 tertium
2130 884 2193 927 sic
2211 882 2461 936 proceditur.
2483 883 2672 935 Videtur,
2703 885 2810 938 quod
2830 884 2880 927 ad
2899 884 3160 936 justificatio-

1796 950 1891 984 nem
1921 939 2035 992 impii
2077 951 2158 983 uon
2191 942 2421 993 requiratur
2451 947 2583 983 motus
2615 942 2738 985 liberi
2768 941 2950 983 arbitrii.
2984 941 3161 984 Videtur

1795 996 2047 1049 enim'quod
2074 1007 2146 1050 per
2174 999 2481 1040 Sacramentum
2511 997 2709 1050 Baptismi
2739 997 3017 1050 justificantur
3044 997 3161 1050 pueri

1795 1057 1953 1109 absque
1970 1063 2079 1099 motu
2099 1056 2220 1099 liberi
2241 1055 2422 1106 arbitrii.
2441 1062 2484 1100 et
2500 1057 2624 1100 ctiam
2644 1057 2853 1101 interdum
2877 1055 3025 1098 adulti.
3047 1057 3162 1100 Dicit

1795 1110 1909 1154 enim
1925 1113 2098 1164 August.
2120 1111 2161 1153 in
2179 1115 2205 1154 4
2239 1111 2425 1155 confess.
2446 1112 2555 1164 quod
2574 1123 2663 1155 cum
2683 1112 2850 1164 quidam
2875 1122 2974 1154 suus
3003 1112 3161 1156 amicus

1798 1166 2004 1209 laboraret
2027 1167 2229 1217 febribus,
2255 1164 2388 1217 jacuit
2405 1166 2478 1210 diu
2507 1167 2599 1210 sine
2619 1177 2742 1211 sensu
2762 1165 2805 1208 iu
2827 1166 2979 1209 sudore
2999 1167 3158 1218 lethali,

1796 1229 1841 1267 et
1858 1223 1955 1267 dum
1968 1224 2268 1277 desperaretur,
2288 1225 2517 1278 baptizatus
2529 1230 2593 1269 cst
2609 1225 2814 1273 nesciens.
2829 1228 2872 1267 et
2889 1229 3054 1267 renatus
3065 1228 3131 1267 cst
3150 1242 3160 1268 :

1797 1280 1906 1333 quod
1925 1281 1969 1323 sst
1986 1291 2057 1333 per
2069 1280 2546 1332 gratiainjustilicautem
2577 1281 2658 1325 Sed
2676 1283 2789 1324 Deus
2808 1279 3031 1331 potentiam
3046 1289 3159 1323 suam

1799 1348 1882 1381 non
1909 1339 2100 1390 alligavit
2128 1338 2406 1383 sacramentis
2437 1356 2448 1381 ε
2477 1348 2580 1390 ergo
2607 1339 2734 1390 ctiam
2771 1345 2906 1393 potest
2931 1340 3161 1391 justificare

1801 1395 2005 1440 bominem
2029 1396 2121 1440 sinc
2155 1396 2447 1446 Sicramentis,
2472 1396 2628 1448 absque
2648 1396 2758 1439 omni
2780 1401 2889 1439 motu
2910 1396 3034 1441 liberi
3051 1395 3161 1440 arbi·

1800 1448 1888 1493 trii.

1848 1510 1888 1550 2.
1903 1509 2108 1552 Praeterea
2123 1527 2132 1550 ι
2147 1511 2197 1551 111
2211 1507 2455 1553 dormiendo
2468 1509 2590 1551 bomo
2603 1519 2684 1551 nou
2701 1508 2825 1552 babet
2839 1519 2954 1552 usum
2969 1508 3161 1560 rationis,

1799 1564 1892 1608 sine
1908 1573 1987 1617 quo
2009 1574 2093 1607 non
2113 1570 2349 1616 potestesse
2367 1571 2500 1609 motus
2518 1564 2641 1608 liberi
2659 1564 2826 1608 arbitrii
2845 1584 2855 1607 :
2871 1566 2947 1608 sed
2965 1566 3159 1608 Salomon

1800 1622 1846 1666 in
1873 1621 2118 1665 dormiendo
2145 1631 2419 1677 consequutus
2441 1628 2504 1666 est
2526 1633 2549 1665 a
2578 1625 2669 1665 Deo
2694 1623 2845 1665 donum
2863 1621 3095 1674 sapientire,
3121 1625 3165 1665 ut

1802 1678 1973 1721 babetur
1989 1682 2015 1720 3
2048 1680 2150 1729 Rea.
2169 1683 2194 1720 3
2210 1683 2288 1721 e12
2322 1681 2470 1722 Par-al.
2490 1683 2526 1721 ι·.
2541 1680 2651 1731 Ergo
2663 1678 2789 1722 etiam
2809 1678 2895 1730 pari
2916 1678 3075 1721 ratione
3089 1677 3161 1722 do·

1800 1744 1898 1776 num
1916 1732 2060 1786 gratia:
2074 1733 2344 1784 justificantis
2356 1733 2600 1787 quandoque
2614 1733 2734 1776 datur
2754 1733 2908 1776 bomini
2926 1745 2950 1776 a
2968 1735 3060 1777 Deo
3071 1733 3163 1776 abs·

1801 1799 1882 1843 que
1901 1788 2148 1832 motutiberi
2172 1790 2352 1833 arbitrii.

1850 1849 1890 1888 3.
1902 1848 2107 1888 Praeterea
2124 1848 2225 1889 :Per
2238 1847 2410 1890 eandem
2422 1856 2586 1888 causam
2602 1845 2731 1897 gratia
2747 1844 2985 1898 producitur
2998 1846 3040 1889 in
3053 1855 3163 1898 esse,

1801 1907 1846 1945 et
1862 1908 2141 1946 conservatur.
2157 1902 2271 1945 Dicit
2285 1902 2398 1946 enim
2410 1903 2583 1953 August.
2595 1905 2635 1952 8,
2648 1912 2772 1954 super
2791 1905 2897 1945 Gen.
2911 1903 2964 1945 ad
2985 1902 3162 1953 literam,

1802 1958 1913 2012 quod
1948 1959 2001 2001 ita
2035 1968 2080 2001 se
2111 1959 2234 2002 debet
2261 1960 2381 2002 bomo
2409 1958 2461 2000 ad
2493 1961 2625 2001 Deum
2655 1963 2984 2023 converteremut
3014 1958 3068 2001 ab
3090 1957 3165 2001 illo

1802 2024 1965 2067 semper
1983 2017 2051 2058 flat
2064 2014 2214 2067 justus.
2234 2011 2318 2058 Sed
2335 2014 2492 2068 absque
2512 2021 2621 2058 motu
2640 2015 2764 2059 liberi
2783 2014 2948 2057 arbitrii
2969 2015 3102 2067 gratia
3120 2015 3166 2057 in

1803 2071 1968 2114 bomine
1987 2075 2279 2114 conservatur:
2301 2081 2400 2124 ergo
2411 2072 2568 2124 absque
2583 2077 2695 2116 motu
2714 2070 2838 2115 liberi
2851 2071 3017 2115 arbitrii
3036 2076 3168 2125 potest

1801 2139 1827 2171 a
1847 2127 2056 2181 principio
2070 2127 2249 2170 infundi.

1852 2182 1938 2227 Sed
1964 2188 2106 2226 contra
2119 2188 2199 2234 est,
2223 2183 2332 2235 quod
2360 2182 2512 2225 dicitur
2530 2183 2651 2226 Joan.
2671 2185 2695 2224 6
2711 2200 2721 2224 ε
2740 2182 2882 2226 omnis
2900 2182 2967 2234 qui
2986 2183 3104 2226 audit
3142 2193 3166 2225 a

1803 2241 1941 2290 Patre,
1960 2245 2003 2283 et
2020 2240 2183 2291 didicit,
2203 2240 2315 2283 venit
2336 2239 2389 2282 ad
2404 2240 2570 2283 me.Scd
2591 2239 2754 2282 discere
2773 2249 2854 2282 non
2871 2241 3044 2284 estsine
3058 2249 3170 2284 motu

1804 2295 1929 2339 liberi
1949 2294 2113 2338 arbitrii
2131 2313 2143 2344 ς
2161 2293 2384 2338 addiscens
2401 2295 2514 2338 euim
2527 2295 2730 2338 consentit
2746 2293 2910 2337 docenti
2927 2313 2937 2336 .·
2958 2305 3058 2346 ergo
3078 2295 3169 2337 nul·

1805 2353 2013 2452 {agevenn
2039 2353 2093 2395 ad
2119 2355 2253 2397 Deum
2273 2363 2344 2404 per
2371 2351 2858 2405 gratiainJ'ustillcautem
2883 2353 3040 2406 absque
3058 2358 3170 2397 motu

1825 2408 1836 2450 i
1897 2408 1931 2451 ri
1950 2408 2133 2452 arbitrii.

1799 2493 1803 2496 -
1855 2466 2106 2519 Respoudco
2125 2465 2361 2516 dicendum,
2380 2464 2489 2519 quod
2504 2464 2748 2517 justificatio
2768 2465 2883 2518 impii
2907 2467 2952 2508 tit
2978 2466 3068 2509 Deo
3087 2476 3170 2510 mo·

1806 2528 1930 2566 vente
1948 2523 2156 2566 bominem
2172 2524 2226 2565 ad
2241 2521 2445 2575 justitiam
2459 2538 2470 2570 ;
2492 2520 2585 2573 ipsc·
2596 2523 2709 2565 enim
2722 2529 2788 2566 oet
2800 2523 2868 2577 qui
2879 2522 3082 2574 justificat
3097 2523 3170 2565 im·

1805 2580 1933 2633 pium.
1964 2583 2009 2622 ut
2038 2579 2190 2622 dicitur
2221 2582 2341 2623 Rom.
2361 2584 2398 2620 8.
2420 2580 2534 2622 Deus
2550 2586 2687 2622 autem
2716 2585 2853 2623 movet
2870 2579 3008 2623 omnia
3026 2588 3170 2623 sccun-

1806 2638 1902 2682 dum
1932 2638 2097 2681 modum
2125 2636 2462 2690 uulusquusque,
2493 2637 2600 2679 sicut
2618 2636 2660 2679 in
2689 2637 2945 2681 naturalibus
2963 2638 3169 2688 videmus,

1807 2696 1916 2750 quod
1933 2696 2057 2739 aliter
2076 2701 2290 2738 moventur
2307 2696 2360 2738 ab
2384 2696 2474 2747 ipso
2485 2694 2643 2746 gravia.
2663 2700 2705 2738 et
2721 2696 2846 2739 aliter
2863 2695 2985 2744 levia,
3006 2699 3171 2748 propter

1806 2756 2014 2798 diversam
2033 2760 2218 2798 naturam
2237 2755 2468 2808 utriusque.
2489 2754 2609 2796 Unde
2620 2760 2664 2797 et
2677 2754 2882 2797 bominem
2898 2755 2952 2795 ad
2966 2752 3173 2805 justitiam

1806 2816 1943 2854 movet
1955 2810 2179 2854 secundum
2197 2810 2479 2854 conditionem
2498 2810 2654 2853 naturai
2672 2811 2869 2853 bumanae.
2884 2812 3017 2852 Homo
3035 2814 3173 2853 autem

1807 2869 2035 2913 secundum
2055 2869 2257 2923 propriam
2278 2874 2463 2913 naturam
2483 2868 2621 2919 babet,
2641 2868 2751 2922 quod
2768 2867 2822 2911 sit
2843 2866 2966 2911 liberi
2987 2866 3172 2921 arbitrii,

1805 2933 1851 2971 et
1868 2927 1966 2972 ideo
1984 2929 2027 2971 iu
2044 2938 2096 2972 co
2113 2927 2181 2980 qui
2204 2927 2326 2971 babet
2345 2938 2462 2970 usum
2496 2927 2619 2970 liberi
2638 2925 2804 2971 arbitrii
2831 2937 2913 2969 nou
2933 2928 2975 2968 ut
2996 2926 3124 2970 motio
3148 2937 3172 2969 a

1806 2986 1899 3028 Deo
1915 2984 1968 3027 ad
1984 2983 2189 3035 justitiam
2202 2984 2356 3036 absque
2376 2989 2487 3026 motu
2505 2982 2630 3028 liberi
2651 2982 2820 3027 arbitrii
2837 3000 2847 3031 ς
2868 2981 2942 3024 sed
2963 2982 3018 3024 ita
3038 2981 3174 3025 infun-

1808 3040 1872 3082 dit
1900 3041 2051 3082 donum
2078 3040 2221 3092 gratia>
2240 3039 2523 3092 justificantis.
2552 3039 2659 3093 quod
2689 3039 2815 3083 etiam
2844 3037 2967 3080 simul
2985 3048 3075 3079 cum
3098 3038 3174 3082 lioc

1809 3102 1945 3140 movet
1961 3096 2137 3139 liberum
2154 3096 2372 3139 arbitrium
2393 3097 2447 3138 ad
2467 3096 2618 3139 donum
2634 3096 2780 3149 gratia:
2797 3092 3106 3146 acceptandum,
3130 3092 3173 3135 in

1809 3153 1876 3194 ins
1892 3151 1961 3204 qui
1989 3157 2085 3195 sunt
2104 3151 2225 3204 buius
2244 3151 2442 3194 motionis
2467 3162 2650 3205 capaces

1859 3208 1925 3250 Ad
1946 3208 2120 3260 primum
2136 3218 2238 3261 crgo
2257 3208 2495 3252 dicendum.
2516 3207 2624 3259 quod
2644 3206 2760 3259 pueri
2791 3215 2872 3247 non
2890 3208 2985 3246 sunt
3005 3212 3175 3256 capaces

1810 3271 1945 3308 motus
1965 3266 2089 3310 tiberi
2107 3266 2291 3316 arbitrii.
2309 3271 2352 3309 et
2373 3266 2471 3308 idco
2491 3270 2705 3308 moventur
2727 3276 2751 3308 a
2769 3266 2859 3307 Deo
2889 3263 2942 3306 ad
2969 3262 3176 3313 justitiam

1811 3331 1886 3374 per
1900 3323 2029 3365 solam
2047 3322 2382 3366 informationem
2399 3320 2549 3364 animae
2569 3321 2760 3372 ipsorum.
2775 3322 2864 3362 Hoc
2880 3326 3015 3363 autem
3030 3328 3112 3362 nou
3131 3318 3177 3360 tlt
3228 3333 3235 3340 ·

1811 3378 1905 3422 sine
1923 3382 2200 3431 Sacramenta,
2221 3379 2314 3431 quia
2335 3379 2442 3422 sicut
2460 3384 2667 3430 peccatum
2684 3377 2902 3429 originale,
2916 3388 2940 3420 a
2959 3386 3039 3430 quo
3054 3375 3176 3427 justi·

1814 3438 2002 3487 lioentur,
2022 3447 2103 3479 non
2122 3437 2285 3489 propria
2304 3437 2516 3480 voluntate
2531 3435 2584 3478 ad
2601 3446 2674 3479 eos
2693 3435 2896 3487 pervenit,
2909 3435 2984 3479 sed
2999 3443 3071 3486 per
3089 3442 3177 3475 car·

1814 3494 1950 3538 nalem
1968 3494 2197 3545 originein,·
2219 3494 2276 3535 ita
2293 3493 2418 3537 etiam
2437 3504 2509 3546 per
2535 3493 2793 3546 spiritualem
2820 3490 3177 3546 regenerationem

1814 3563 1839 3594 a
1857 3551 2021 3595 Christo
2041 3550 2083 3593 in
2101 3551 2324 3603 eosgratia
2344 3551 2569 3595 derivatur.
2591 3554 2644 3594 Et
2665 3552 2813 3595 eadem
2831 3550 2938 3595 ratio
2954 3556 3017 3594 cst
3045 3549 3098 3592 de
3118 3547 3177 3590 fu·

1816 3607 1955 3658 rimis,
1973 3612 2015 3650 et
2030 3607 2281 3656 amentibus.
2299 3608 2369 3658 qui
2398 3617 2603 3660 nunquam
2621 3617 2735 3650 usum
2764 3607 2886 3650 liberi
2914 3605 3082 3650 arbitrii
3109 3608 3177 3651 ba-

1817 3666 2007 3708 buerunt.
2026 3662 2109 3706 Sed
2128 3663 2164 3706 si
2183 3663 2276 3715 quis
2293 3663 2518 3716 aliquando
2537 3664 2679 3707 habuit
2705 3673 2821 3707 usum
2846 3662 2969 3707 liberi
2993 3664 3176 3716 arbitrii,

1814 3725 1860 3764 ct
1877 3720 2135 3773 postmodum
2151 3730 2202 3763 eo
2219 3726 2371 3769 careat,
2391 3722 2458 3764 vel
2484 3731 2555 3773 per
2574 3718 2870 3769 infirmitatem.
2888 3719 2955 3763 vet
2975 3730 3048 3772 per
3071 3731 3180 3765 som-

1817 3788 1930 3826 num.
1950 3786 2030 3819 uon
2049 3775 2315 3827 consequitur
2331 3770 2506 3828 gratiam
2522 3776 2816 3828 justificantem
2835 3785 2908 3828 per
2935 3776 3180 3830 baptismum

1815 3833 2001 3879 exterius
2033 3832 2278 3885 adhibitum,
2308 3839 2379 3878 aut
2413 3842 2486 3886 per
2516 3832 2686 3886 aliquod
2715 3834 2831 3876 aliud
2858 3836 3200 3888 Sacramentum·

1819 3892 1903 3936 nisi
1944 3891 2058 3944 prius
2087 3892 2276 3935 babuerit
2302 3894 2608 3935 Sacramentum
2629 3890 2672 3933 iu
2691 3893 2901 3943 proposito
2925 3910 2935 3935 =
2963 3892 3071 3946 quod
3089 3893 3181 3937 sine

1818 3960 1896 3992 usu
1912 3949 2034 3994 liberi
2064 3949 2229 3993 arbitrii
2249 3960 2329 3992 non
2349 3948 2565 4002 contingit.
2587 3952 2639 3991 Et
2670 3949 2745 3991 boc
2763 3948 2885 3991 modo
2911 3949 2999 4000 ille,
3019 3951 3070 3993 de
3101 3960 3182 4002 quo

1820 4006 2001 4059 loquitur
2028 4007 2296 4059 Augustinus.
2325 4011 2492 4051 renatus
2522 4005 2625 4057 fuit;
2653 4005 2748 4059 quia
2765 4010 2808 4049 et
2826 4006 2955 4059 prius.
2980 4012 3022 4051 et
3041 4013 3182 4059 postea

1821 4064 2067 4116 baptismum
2078 4062 2324 4115 acceptavit.

1871 4121 1937 4163 Ad
1950 4122 2175 4165 secundum
2192 4122 2428 4172 dicendum.
2447 4121 2555 4176 quod
2575 4121 2699 4165 etiam
2718 4121 2912 4164 Salomon
2940 4120 3183 4165 dormiendo

1823 4188 1905 4221 nou
1924 4177 2346 4230 meruitsapientiam,
2378 4187 2453 4221 nec
2468 4178 2627 4231 accepit
2642 4178 2750 4230 ;sed
2771 4178 2814 4220 in
2832 4187 2976 4221 somno
3003 4177 3186 4221 declara·

1823 4239 1907 4277 tum
1924 4238 1988 4277 est
2004 4233 2061 4284 ei,
2081 4233 2190 4287 quod
2210 4238 2367 4287 propter
2386 4233 2625 4286 praecedens
2646 4233 2902 4277 desiderium
2918 4232 2958 4276 ei
2977 4243 3001 4276 a
3015 4235 3106 4277 Deo
3122 4243 3186 4276 sa·

1825 4288 1977 4342 pientia
1997 4288 2297 4334 infunderetur.
2321 4290 2440 4334 Unde
2462 4299 2515 4333 ex
2531 4289 2625 4341 ejus
2645 4299 2818 4341 persona
2846 4287 2999 4331 dicitur
3016 4288 3187 4341 Sapien-

1826 4346 1895 4389 tiae
1913 4350 1934 4389 7
1948 4347 2184 4400 :Optavi,ct
2204 4345 2324 4390 datus
2337 4351 2399 4389 est
2416 4346 2516 4389 mibi
2534 4356 2694 4389 sensus.
2715 4344 2791 4389 vel
2811 4350 2944 4398 potest
2962 4344 3063 4395 dici.
3078 4345 3188 4399 quod

1825 4403 1901 4447 illc
1917 4413 2085 4447 somnus
2103 4413 2183 4446 non
2198 4402 2274 4445 fuit
2288 4400 2500 4453 naturalis,
2514 4402 2590 4444 sed
2603 4412 2769 4446 somnus
2782 4403 3029 4454 prophetiae.
3043 4411 3188 4445 secun·

1827 4463 1923 4505 dum
1940 4462 2049 4514 quod
2068 4459 2221 4503 dicitur
2239 4471 2347 4502 num.
2369 4462 2431 4501 12.
2452 4460 2495 4501 Si
2516 4460 2609 4512 quis
2631 4459 2754 4502 fuerit
2773 4458 2880 4503 inter
2899 4469 2972 4502 vos
2991 4459 3188 4512 propbeta

1826 4517 2012 4569 Domini,
2030 4526 2103 4569 per
2116 4517 2336 4567 somnium,
2350 4520 2421 4558 aut
2441 4515 2483 4558 in
2502 4515 2665 4558 visione
2682 4516 2825 4568 loquar
2836 4515 2890 4558 ad
2903 4525 2996 4560 eum
3017 4515 3088 4558 :in
3105 4525 3187 4569 quo

1828 4586 1924 4619 casu
1951 4574 2105 4628 aliquis
2123 4585 2237 4617 usum
2258 4573 2379 4616 liberi
2398 4571 2561 4616 arbitrii
2582 4572 2717 4615 babet.
2739 4574 2790 4613 Bt
2809 4577 2945 4616 tamen
2969 4571 3187 4617 sciendum

1827 4639 1906 4683 est,
1925 4633 2036 4686 quod
2049 4644 2131 4678 non
2148 4632 2373 4675 estendam
2392 4630 2499 4673 ratio
2512 4630 2564 4673 de
2582 4629 2692 4673 dono
2705 4629 2936 4681 sapientiai,
2948 4630 3058 4673 etde
3078 4629 3189 4673 dono

1828 4690 1973 4742 gratiae
1999 4688 2291 4740 justificantis;
2323 4698 2418 4730 nam
2437 4685 2588 4728 donum
2604 4683 2749 4738 gratiae
2763 4683 3031 4737 justificantis
3048 4683 3190 4737 praeci·

1830 4756 1908 4799 pue
1927 4746 2093 4789 ordinat
2122 4745 2327 4788 bominem
2342 4743 2395 4787 ad
2423 4744 2588 4793 bonum,
2609 4741 2719 4794 quod
2735 4748 2800 4786 est
2823 4742 3031 4794 objectum
3047 4742 3190 4785 volun·

1832 4804 1941 4853 tatis,
1958 4807 2002 4846 ct
2020 4801 2115 4846 ideo
2125 4800 2178 4843 ad
2199 4800 2330 4853 ipsum
2347 4804 2533 4843 movetur
2551 4799 2670 4841 bomo
2689 4807 2763 4850 per
2780 4803 2933 4840 motum
2951 4796 3188 4846 voluntatis

1831 4859 1901 4913 qui
1918 4863 1983 4902 est
2000 4864 2133 4901 motus
2154 4856 2276 4900 liberi
2294 4857 2460 4900 arbitrii
2477 4874 2487 4905 ς
2507 4856 2583 4899 scd
2600 4855 2801 4909 sapientia
2821 4852 2983 4906 perlicit
3000 4852 3191 4896 intellec-

1834 4923 1933 4966 tum.
1950 4918 2019 4971 qui
2038 4915 2238 4968 praecedit
2255 4915 2518 4958 voluntatem.
2538 4914 2662 4958 Unde
2684 4913 2839 4966 absque
2857 4910 3059 4963 completo
3078 4914 3191 4954 motu

1835 4973 1960 5018 liberi
1975 4972 2141 5017 arbitrii
2161 4976 2296 5025 potest
2314 4972 2549 5016 intellectus
2567 4972 2676 5016 dono
2694 4969 2911 5024 sapientiae
2929 4969 3155 5013 illuminari
3177 4987 3188 5013 ι

1832 5032 1941 5079 sicut
1963 5033 2090 5077 etiam
2108 5031 2309 5084 videmus,
2334 5030 2443 5085 quod
2462 5031 2506 5074 iu
2534 5029 2781 5075 dormiendo
2797 5028 2937 5084 aliqua
2959 5027 3192 5073 bominibus
