3647 5753
71 1935 221 1995 objec-

96 1991 175 2030 uo.

1352 389 1533 448 DISP.
1575 390 1645 459 11,
1689 391 1859 448 DUB.
1902 393 2049 450 VIII.

265 556 460 622 cimus,
512 556 747 629 inquit:
821 578 848 608 α
897 558 1213 616 Dicendum
1267 559 1418 633 quod
1489 560 1639 618 illud

271 657 299 686 (ι
325 635 570 693 verbum
594 654 709 695 non
732 643 816 696 est
850 639 1318 715 intelligendum,
1352 642 1496 715 quin
1525 644 1638 700 ali-

272 737 299 769 «
325 733 439 789 qua
484 718 627 776 hora
655 721 833 793 possit
867 721 1041 779 homo
1060 738 1183 780 esse
1224 722 1435 796 absque
1474 725 1635 782 omni

270 818 298 850 α
330 802 490 854 reatu
531 800 741 872 peccati
801 802 1087 871 venialis;
1133 804 1230 861 sed
1275 806 1409 877 quia
1455 807 1635 863 vitam

272 898 301 931 α
324 877 495 936 istam
516 881 706 938 Sancti
730 896 847 939 non
895 883 1091 941 dicunt
1115 886 1243 943 sine
1265 887 1507 959 peecatis
1532 904 1635 945 ve-

273 977 301 1011 α
325 958 599 1022 nialibus.
631 985 658 1016 »
692 969 763 1024 Et
807 967 1028 1024 similia
1057 966 1232 1025 tradit
1276 976 1459 1046 quast.
1483 972 1540 1037 7,
1571 970 1637 1025 de

266 1038 443 1108 Malo,
487 1058 619 1103 art-
663 1050 728 1104 12
771 1050 848 1104 ad
884 1050 939 1105 4.
1000 1052 1190 1107 Potest
1235 1054 1430 1108 tamen
1472 1067 1635 1109 amor

265 1121 563 1183 charitatis
581 1144 704 1185 esse
729 1129 811 1185 ita
850 1129 1175 1205 languidus,
1203 1134 1265 1186 ut
1309 1130 1390 1187 sic
1431 1132 1635 1206 loqua-

266 1219 416 1273 mur,
460 1222 525 1263 ac
576 1210 864 1273 remissus.
900 1211 1048 1285 quod
1103 1210 1362 1289 quaedam
1411 1219 1634 1284 peccata

267 1289 521 1347 venialia
541 1291 820 1358 excludat,
853 1298 909 1348 et
930 1308 1048 1350 non
1071 1294 1207 1360 alia,
1234 1292 1505 1348 utstatim
1527 1309 1630 1349 ex-

268 1373 626 1446 plicabimus
653 1373 910 1431 Tandem
956 1375 1157 1431 ultima
1207 1370 1457 1447 probatio
1499 1380 1632 1431 tan-

266 1459 393 1511 tum
411 1455 716 1521 concludit,
744 1471 1000 1512 amorem
1037 1453 1335 1511 charitatis
1378 1470 1494 1510 non
1510 1471 1631 1513 esse

267 1537 527 1595 dolorem
574 1554 927 1610 expressum,
972 1538 1220 1594 minime
1282 1552 1440 1605 vero,
1478 1537 1629 1610 quod

267 1634 388 1677 non
454 1618 723 1693 importet
787 1618 1209 1690 displicentiam
1275 1618 1625 1689 virtualem3

266 1701 403 1776 quia
430 1700 553 1773 ipsa
581 1700 877 1757 delectatio
903 1700 1049 1756 circa
1087 1715 1381 1755 summum
1409 1697 1627 1757 bonum

265 1785 391 1840 vim
430 1781 601 1839 habet
638 1782 912 1857 gignendi
957 1780 1213 1838 dolorem
1258 1779 1329 1838 de
1369 1783 1622 1853 peccatis,

265 1863 316 1920 si
356 1863 652 1920 memoriae
679 1866 1000 1919 occurrant.

338 1939 468 1995 321.
511 1938 673 1994 Dices
700 1937 863 1993 illam
892 1935 1478 2009 conditionalem‚qua
1508 1936 1627 1992 uti-

266 2028 360 2078 tur
382 2023 445 2077 D.
477 2021 683 2077 Thom.
708 2023 764 2075 et
790 2034 891 2090 per
911 2034 1083 2091 quam
1125 2017 1478 2090 explicamus
1504 2017 1627 2075 dis-

266 2104 596 2179 plicentiam
618 2103 945 2170 virtualem,
970 2106 1026 2158 et
1045 2100 1167 2157 vim
1192 2100 1408 2157 amoris
1430 2101 1626 2157 chari-

261 2188 393 2244 tatis
419 2186 486 2244 ad
504 2184 759 2243 tollenda
786 2183 1294 2255 venialia,nempe,
1319 2182 1389 2240 Si
1414 2182 1626 2239 homini

254 2277 475 2344 peccata
527 2268 796 2321 memoria!
865 2271 1222 2329 occurrerent,
1280 2263 1625 2336 displicerent

258 2354 328 2418 ei,
360 2357 408 2406 et
434 2349 634 2404 doleret
660 2349 709 2402 ei
735 2364 788 2402 se
807 2346 914 2402 hoec
939 2346 1287 2411 commisisse,
1317 2345 1469 2401 nihil
1492 2363 1623 2403 ma-

259 2434 348 2509 gis
373 2448 584 2506 ponere
635 2430 700 2486 in
738 2446 877 2496 esse,
908 2445 1081 2503 quam
1135 2427 1325 2494 istam,
1358 2445 1414 2485 v.
1445 2444 1503 2502 g.
1554 2428 1624 2487 Si

261 2517 475 2572 homini
518 2520 814 2570 occurreret
858 2513 1067 2567 occasio
1106 2510 1374 2566 subeundi
1400 2520 1621 2584 marty-

260 2599 429 2664 rium,
485 2596 627 2650 illud
664 2600 963 2668 pateretur,
1009 2607 1182 2666 quam
1252 2590 1401 2647 forte
1474 2594 1622 2649 Deus

252 2675 541 2750 cognoscit
585 2690 708 2731 esse
750 2689 992 2731 veram:
1040 2670 1141 2727 sed
1187 2670 1290 2727 hoc
1338 2673 1621 2742 posterius

253 2772 373 2815 non
422 2754 644 2824 sufficit,
680 2758 739 2810 ut
776 2755 874 2827 qui
896 2758 979 2811 est
1029 2752 1111 2808 sic
1155 2750 1403 2817 affectus,
1431 2767 1622 2809 conse-

249 2842 458 2915 quatur
486 2839 708 2913 aliquos
728 2836 958 2895 effectus
979 2834 1271 2910 martyrii.
1305 2834 1460 2892 inter
1481 2852 1621 2909 quos

249 2927 615 2997 computatur
676 2921 941 2980 remissio
1003 2924 1361 2993 peccatorum
1412 2918 1621 2975 venia-

252 3006 399 3062 lium
432 3028 446 3073 ;
475 3003 575 3061 sed
623 3002 961 3076 requiritur,
992 2999 1142 3074 quod
1190 3004 1314 3056 actu
1364 3001 1621 3072 patiatur

253 3085 604 3159 martyrium
638 3105 651 3140 ε
676 3098 811 3157 ergo
855 3098 957 3138 nec
977 3081 1192 3137 veritas
1219 3081 1382 3136 illius
1405 3081 1619 3153 prioris

253 3164 660 3223 conditionalis
701 3163 945 3236 prodest,
993 3166 1054 3218 ut
1099 3166 1323 3235 peccata
1362 3162 1621 3220 venialia

256 3249 617 3307 auferantur.
1004 3277 1009 3280 ,

28 3333 242 3379 Dimittit.
331 3324 726 3397 Respondetur
740 3321 1046 3380 veritatem
1063 3323 1389 3396 aliquarum
1418 3322 1621 3381 condi-

254 3406 563 3464 tionalium
587 3403 897 3476 aliquando
918 3404 1153 3460 fundari
1178 3421 1295 3463 non
1320 3405 1383 3460 in
1405 3421 1621 3462 conne-

250 3488 426 3546 xione
471 3487 854 3545 antecedentis
896 3502 1025 3542 cum
1075 3484 1464 3559 consequenti,
1522 3485 1620 3542 sed

250 3570 440 3627 solum
463 3567 527 3625 in
553 3569 778 3628 decreto
827 3569 926 3625 Dei
973 3567 1295 3633 statuentis,
1330 3570 1393 3622 ut
1439 3567 1622 3639 posita

252 3652 446 3725 aliqua
491 3652 838 3718 conditione,
895 3655 1166 3724 sequatur
1218 3650 1329 3728 hic.
1381 3655 1480 3706 aut
1520 3650 1622 3708 ille

249 3734 499 3804 effectus,
549 3735 817 3809 quamvis
864 3732 1154 3806 disparate
1206 3747 1268 3788 se
1313 3731 1521 3788 habeat
1550 3731 1622 3788 ad

251 3819 458 3892 ipsam.
504 3822 569 3876 In
596 3835 708 3891 quo
750 3821 959 3874 eventu
989 3831 1106 3872 non
1151 3815 1429 3887 sequitur,
1473 3815 1622 3888 quod

249 3916 318 3957 ea
339 3899 591 3957 conditio
630 3899 836 3955 habeat
859 3897 978 3953 vim
1022 3894 1289 3968 pariendi
1336 3896 1510 3953 illum
1534 3897 1623 3956 ef-

250 3981 463 4038 fectum
502 3979 874 4052 disparatum,
909 3980 1006 4033 aut
1041 3975 1193 4049 quod
1246 3981 1472 4050 praestet
1497 3976 1623 4035 vir-

251 4062 509 4127 tualiter,
540 4060 690 4134 quod
736 4060 856 4133 ipse
894 4057 1124 4115 effectus
1167 4057 1624 4116 communicaret

252 4144 600 4203 formaliter.
627 4145 697 4198 Et
742 4143 847 4200 hoc
873 4147 1032 4215 pacto
1071 4157 1132 4198 se
1179 4141 1348 4199 habet
1374 4141 1623 4200 secunda

248 4225 676 4291 conditionalis,
708 4240 834 4298 quae
884 4225 949 4280 in
1000 4223 1317 4297 obJ‘ectione
1345 4223 1624 4298 proponi-

251 4306 383 4369 tur3
416 4317 552 4359 nam
605 4300 751 4357 forte
779 4299 1037 4356 decernit
1081 4300 1248 4365 Deus,
1280 4298 1430 4372 quod
1454 4300 1504 4354 si
1524 4299 1625 4356 Pe-

253 4391 377 4440 trus
400 4387 638 4441 existens
664 4385 725 4439 in
738 4389 958 4456 peccato
1004 4381 1229 4436 mortali
1248 4389 1542 4454 poneretur
1563 4383 1625 4436 in

250 4465 378 4534 liae,
409 4472 510 4521 aut
556 4464 657 4520 illa
703 4466 999 4531 occasione,
1038 4471 1444 4541 consequeretur
1485 4480 1625 4534 yra-

251 4549 414 4615 tiam‚
445 4555 494 4603 et
513 4554 798 4620 pateretur
823 4547 1178 4620 martyrium.
1210 4544 1320 4602 Ubi
1344 4546 1481 4603 satis
1502 4547 1626 4604 elu-

249 4636 357 4698 cet,
388 4630 540 4705 quod
558 4629 790 4688 effectus
836 4630 936 4687 ille
963 4645 1082 4686 non
1111 4628 1402 4687 reducitur
1429 4646 1534 4689 nec
1552 4629 1625 4688 ad

254 4714 493 4771 Petrum
547 4717 921 4786 peccatorem,
968 4727 1072 4768 nec
1144 4710 1216 4768 ad
1265 4713 1623 4770 occasionem

253 4796 445 4875 illam,
476 4794 575 4851 sed
624 4792 695 4851 ad
734 4794 1123 4851 extrinsecam
1163 4793 1264 4851 Dei
1292 4793 1623 4868 dispositio-

254 4895 417 4938 nem.
446 4876 801 4951 Quandoque
821 4883 1012 4935 autem
1033 4877 1248 4936 veritas
1269 4878 1626 4936 conditiona-

254 4960 331 5018 lis
353 4958 633 5015 fundatur
660 4960 724 5015 in
750 4959 965 5018 virtute
1002 4958 1388 5017 antecedentis
1416 4958 1486 5016 ad
1526 4959 1625 5016 in-

252 5039 564 5100 ferendum
591 5057 943 5114 consequens
972 5065 987 5109 ;
1016 5046 1073 5099 et
1101 5044 1235 5099 tunc
1284 5040 1624 5098 antecedens

3021 400 3137 477 52⁵

1769 561 2043 637 importat
2080 565 2409 624 virtualiter
2428 567 2824 641 consequentis
2843 567 3132 627 effectum.

1770 648 1893 711 Quo
1914 650 2073 718 pacto
2098 663 2158 703 se
2176 646 2363 717 habet,
2396 649 2492 722 qui
2523 649 2833 707 detestatur
2859 651 3137 709 mortalia

1769 725 1835 782 in
1883 728 2199 794 communi,
2245 733 2302 785 et
2344 731 2535 789 studet
2578 747 2644 788 ea
2689 747 3025 805 cognoscere
3066 731 3134 788 in

1769 806 2136 878 particulari:
2168 824 2304 865 nam
2330 811 2579 882 profecto
2605 811 2654 866 si
2676 816 2812 867 tunc
2834 812 3132 869 memoriae

1767 892 2153 957 occurrerent,
2215 887 2286 944 de
2342 890 2588 964 singulis
2637 889 2982 963 displiceret.
3061 893 3131 948 Et

1767 965 1925 1024 idem
1996 970 2571 1043 proportionabiliter
2642 971 2844 1028 accidit
2906 972 3129 1043 quoties

1765 1048 1894 1121 quis
1936 1050 2226 1108 ferventer
2253 1051 2444 1127 diligit
2473 1057 2652 1110 Deum
2681 1078 2695 1120 ;
2727 1068 2862 1107 nam
2902 1052 3032 1109 licet
3057 1052 3130 1110 de

1765 1133 2094 1190 venialibus
2147 1134 2574 1192 retardantibus
2619 1134 2959 1190 charitatem
3006 1149 3128 1191 non

1766 1217 2052 1290 recogitet,
2100 1215 2480 1274 detestaretur
2517 1224 2714 1274 tamen
2759 1216 2882 1282 illa,
2903 1216 2950 1271 si
3003 1230 3133 1272 me-

1763 1300 1965 1356 moriae
1985 1305 2383 1367 occurrerent;
2411 1304 2467 1357 et
2493 1300 2573 1356 sic
2601 1299 2770 1356 habet
2795 1299 3128 1357 virtualiter

1762 1395 1966 1436 eorum
1988 1368 2440 1447 detestationem,
2474 1396 2681 1454 nempe
2708 1382 2772 1437 in
2813 1396 2980 1436 causa
2999 1378 3127 1435 suf-

1761 1458 1996 1519 ficienti.
2047 1468 2104 1518 et
2137 1467 2416 1535 quantum
2462 1466 2548 1519 est
2591 1461 2660 1518 de
2703 1477 2765 1517 se
2807 1459 3014 1518 efficaci
3054 1458 3126 1515 ad

1762 1542 2132 1601 inferendum
2200 1544 2624 1617 displicentiam
2674 1545 3002 1600 formalem.
3055 1543 3127 1597 Et

1760 1624 1844 1682 ita
1911 1625 2258 1699 intelligitur
2322 1625 2748 1690 conditionaliS,
2795 1641 2898 1698 per
2947 1639 3123 1697 quam

1761 1709 1828 1764 D.
1853 1708 2057 1765 Thom.
2101 1708 2351 1781 exponit,
2376 1709 2624 1780 qualiter
2659 1724 2824 1765 amor
2863 1704 3124 1764 fervidus

1759 1788 2057 1847 charitatis
2094 1789 2170 1844 sit
2202 1789 2471 1845 virtualis
2510 1788 2847 1862 poenitentia
2870 1789 3126 1860 peccato-

1761 1887 1895 1928 rum
1916 1871 2263 1927 venialium.

1834 1944 1993 2010 Quod
2016 1951 2205 2002 autem
2223 1943 2550 2017 huJ‘usmodi
2574 1960 2738 2001 amor
2764 1944 2839 2000 sit
2859 1941 3119 2000 fervidus

1757 2030 1811 2081 et
1839 2024 2121 2081 sufficiens
2143 2024 2212 2081 ad
2236 2024 2528 2098 praedictos
2543 2023 2789 2089 effectus,
2817 2028 2999 2097 potest
3022 2038 3120 2079 re-

1754 2104 1946 2179 gulari
1983 2109 2106 2161 tum
2136 2121 2307 2177 penes
2340 2105 2461 2179 ejus
2484 2104 2802 2161 maximam
2831 2102 3121 2160 intensio-

1757 2204 1925 2254 nem;
1951 2192 2132 2261 potest
2156 2188 2365 2261 quippe
2391 2202 2514 2244 esse
2560 2187 2698 2244 adeo
2726 2186 3027 2259 perfectus,
3053 2189 3121 2242 ut

1755 2272 1900 2328 sicut
1914 2272 2142 2326 nullum
2170 2269 2485 2327 secundum
2505 2269 2734 2326 veniale
2748 2269 2970 2325 actuale
2983 2282 3108 2339 per·

1755 2351 1952 2417 mittit,
1979 2351 2059 2407 ita
2079 2355 2282 2408 cuncta
2303 2350 2705 2414 detestaretur,
2730 2349 2779 2404 si
2809 2347 3106 2404 memoriae

1754 2436 2152 2494 occurrerent;
2175 2431 2498 2504 praesertim
2525 2448 2654 2487 cum
2672 2428 2999 2503 hujusmodi
3022 2444 3124 2485 ex·

1752 2518 1965 2573 cellens
1977 2532 2141 2572 amor
2152 2514 2350 2572 afferat
2363 2530 2555 2571 secum
2572 2514 2890 2570 maximam
2906 2510 3121 2567 animae

1753 2597 2135 2656 elevationem
2166 2598 2228 2653 iu
2255 2599 2454 2662 Deum,
2486 2600 2542 2651 et
2569 2611 2658 2652 res
2684 2594 2933 2650 divinas.
2959 2593 3112 2648 Tum

1754 2695 1928 2754 penes
1982 2678 2271 2752 quandam
2311 2677 2709 2734 extensionem
2754 2672 3116 2748 objectivam,

1722 2756 1816 2817 ‘ut
1836 2761 1885 2817 si
1913 2761 2040 2834 quis
2086 2760 2229 2817 tanti
2261 2759 2430 2816 faciat
2484 2758 2793 2833 perfectam
2839 2770 2968 2812 cum
3005 2756 3120 2811 Deo

1750 2843 2233 2919 conjunctionem,
2266 2847 2328 2898 ut
2372 2845 2584 2898 statuat
2609 2839 2876 2913 explicite
2923 2837 3118 2911 parvi-

1754 2927 2005 3001 pendere
2031 2931 2231 2984 cuncta
2252 2925 2614 2998 temporalia,
2641 2930 2696 2980 et
2715 2922 3038 2990 sensibilia,
3064 2925 3124 2977 et

1752 3009 1954 3067 taedeat
2000 3010 2190 3082 ipsum
2245 3009 2493 3082 propriae
2537 3005 3007 3070 defectibilitatis,
3064 3007 3123 3060 et

1754 3092 2063 3166 pronitatis
2121 3091 2191 3149 ad
2257 3093 2512 3162 malum;
2561 3105 2699 3145 nam
2746 3084 3122 3160 proculdubio

1751 3174 2025 3248 quamdiu
2043 3176 2214 3233 homo
2242 3175 2347 3231 hoc
2374 3172 2572 3229 affectu
2593 3175 2847 3245 urgetur,
2873 3169 3121 3226 detesta-

1752 3258 1849 3310 tur
1868 3254 2199 3311 virtualiter
2220 3256 2437 3317 cuncta,
2478 3266 2602 3323 quae
2624 3249 2951 3322 praedictam
2974 3264 3116 3305 con-

1746 3335 2105 3410 junctionem
2143 3333 2455 3398 retardant,
2500 3331 2693 3405 qualia
2736 3335 2871 3386 sunt
2915 3330 3116 3389 omnia

1752 3415 2025 3481 venialia,
2071 3415 2204 3471 licet
2241 3430 2442 3471 eorum
2490 3428 2608 3469 non
2651 3410 2998 3468 recordetur.
3047 3413 3120 3467 Et

1753 3512 1883 3553 cum
1911 3495 2119 3551 adsunt
2141 3494 2468 3568 hujusmodi
2496 3492 2740 3558 affectus,
2783 3490 3119 3549 verosimile

1751 3577 1890 3634 satis
1917 3581 2018 3645 est,
2049 3574 2199 3649 quod
2244 3574 2443 3632 omnia
2469 3573 2726 3631 venialia
2751 3575 3114 3628 evanescant.

1754 3659 1799 3712 E
1819 3660 2019 3714 contra
2039 3671 2177 3712 vero
2202 3656 2346 3712 solet
2367 3669 2530 3711 amor
2557 3650 2853 3708 charitatis
2872 3666 2994 3708 esse
3022 3666 3121 3708 re-
3152 3657 3156 3661 ’

1755 3738 1983 3805 missus,
2015 3742 2072 3794 et
2093 3735 2259 3793 valde
2289 3735 2580 3793 restrictus
2607 3749 2676 3790 ex
2700 3736 2860 3805 parte
2886 3730 3113 3804 objecti,

1752 3821 1816 3877 ut
1835 3835 1966 3877 cum
1989 3817 2198 3892 aliquis
2245 3817 2576 3874 recordatur
2623 3818 2978 3888 peccatorum
3024 3828 3118 3870 ve-

1754 3902 2025 3969 nialium,
2051 3900 2253 3957 saltem
2276 3903 2340 3954 ut
2383 3897 2495 3954 sibi
2524 3894 2918 3970 possibilium;
2947 3897 3003 3951 et
3032 3893 3119 3949 ni-

1754 3984 2076 4043 hilominus
2124 3983 2314 4039 solum
2340 3980 2607 4054 explicite
2650 3977 2904 4043 resolvit,
2956 3990 3118 4031 nun-

1753 4082 1928 4140 quam
1971 4064 2307 4136 delinquere
2349 4061 2603 4137 graviter
2643 4055 3116 4131 transgrediendo

1755 4150 2049 4221 praecepta,
2070 4159 2194 4218 quae
2219 4142 2477 4217 obligant
2497 4141 2602 4198 sub
2625 4139 2882 4196 mortali.
2906 4140 2973 4193 In
2999 4152 3114 4210 quo

1753 4234 1965 4286 eventu
1990 4227 2129 4283 satis
2159 4224 2455 4300 probabile
2483 4227 2736 4297 apparet,
2783 4218 2934 4294 quod
2985 4219 3112 4276 nul-

1755 4310 1879 4366 lum
1930 4307 2160 4366 veniale
2201 4306 2530 4363 remittatur
2556 4321 2569 4366 ;
2622 4318 2760 4358 nam
2807 4298 3116 4374 praedictus

1756 4389 1986 4447 affectus
2013 4404 2129 4445 non
2154 4387 2408 4445 continet
2428 4383 2758 4442 virtualiter
2789 4395 3120 4453 eorum're-

1755 4471 2173 4528 tractationem.
2195 4467 2519 4543 Aliquando
2533 4465 2779 4538 denique
2802 4479 2965 4520 amor
2986 4463 3116 4521 cha·

1756 4554 1944 4610 ritatis
1965 4552 2156 4610 medio
2189 4550 2360 4608 modo
2386 4565 2446 4606 se
2467 4547 2655 4615 habet,
2681 4551 2743 4601 ut
2782 4546 2831 4602 si
2871 4546 3001 4619 quis
3043 4561 3117 4604 ex

1755 4652 1953 4694 amore
1981 4634 2050 4692 ad
2072 4637 2252 4692 Deum
2281 4633 2481 4688 timeat
2507 4629 2928 4702 separationem
2957 4627 3028 4686 ab
3048 4643 3118 4686 eo

1757 4733 1860 4792 per
1879 4716 2139 4788 culpam3
2190 4729 2293 4771 nec
2337 4717 2530 4769 tamen
2557 4708 2807 4766 firmiter
2850 4708 3120 4765 decernat

1757 4798 1944 4854 vitare
1963 4801 2179 4862 cuncta,
2213 4809 2340 4868 quae
2356 4808 2390 4848 a
2411 4790 2679 4865 praedicto
2707 4805 2905 4847 amore
2929 4792 3122 4847 retar-

1755 4877 1911 4935 dant.
1928 4881 2074 4934 Nam
2093 4873 2422 4947 hujusmodi
2447 4872 2679 4932 affectus
2702 4871 3122 4946 praecontinere

1754 4958 1986 5016 videtur
2029 4955 2464 5013 detestationem
2517 4970 2719 5012 eorum
2769 4951 3114 5018 venialium,

1753 5055 1880 5114 quae
1899 5037 2102 5114 magis,
2120 5041 2177 5095 et
2197 5036 2521 5109 proximius
2540 5034 2856 5108 disponunt
2877 5031 2949 5090 ad
2965 5048 3123 5091 mor-
