3647 5753
1445 393 1624 449 DISP.
1668 394 1737 459 11,
1779 395 1945 451 DUB.
1989 397 2057 453 11.
3027 396 3136 452 349

276 566 379 623 tiae
424 565 737 624 habitualis
773 566 836 622 in
875 565 1074 623 anima
1117 564 1406 622 diffusam.
1436 563 1544 622 Sed
1589 564 1640 619 si

274 646 471 720 gratia
497 647 560 702 in
586 662 655 704 eo
679 650 890 703 eventu
920 661 1038 703 non
1066 644 1493 710 infunderetur,
1529 659 1647 700 non

282 727 402 782 alia
430 726 620 784 forma
648 725 986 783 immediate
1017 726 1312 798 expellens
1337 722 1648 798 quaerenda

282 804 452 871 foret,
478 806 593 862 nisi
618 806 741 880 ipsa
760 806 1011 878 simplex
1034 803 1261 878 negatio
1279 804 1499 878 gratiae,
1524 818 1648 876 quae

283 883 623 942 immediate
650 901 752 958 per
777 884 1027 956 seipsam
1066 883 1380 955 expelleret
1421 887 1647 939 antece-

279 966 515 1023 dentem
539 966 928 1041 negationem.
953 967 1022 1019 Et
1045 964 1175 1021 licet
1192 963 1507 1039 subjectum
1525 979 1647 1032 non

277 1055 432 1106 esset
454 1048 697 1122 positive
721 1053 973 1122 gratum,
1007 1052 1200 1102 tamen
1230 1061 1332 1102 nec
1351 1050 1495 1103 esset
1523 1046 1648 1118 pri-

287 1130 479 1186 vative
505 1144 623 1185 non
647 1134 898 1203 gratum,
949 1126 1048 1183 sed
1089 1127 1246 1183 velut
1286 1126 1550 1200 negative
1586 1142 1648 1183 se

285 1210 549 1277 haberet;
591 1215 646 1267 et
691 1208 760 1266 ad
809 1208 1275 1266 constituendum
1326 1206 1648 1281 subjectum

289 1291 616 1348 formaliter
662 1295 930 1362 negatum
975 1286 1181 1343 sufficit
1226 1287 1351 1358 ipsa
1397 1286 1642 1360 negati0,

291 1389 399 1431 nec
425 1373 539 1430 alia
568 1371 753 1428 forma
779 1371 1023 1443 positiva
1052 1367 1384 1440 requiritur.
1416 1372 1505 1423 An
1542 1384 1648 1424 au-

293 1460 409 1510 tem
439 1450 768 1526 hypothesis
807 1450 977 1524 hujus
1011 1447 1338 1522 argumenti
1366 1447 1442 1503 sit
1480 1446 1648 1504 abso—

289 1534 412 1590 lute
438 1530 741 1605 possibilis.
775 1529 931 1586 infra
952 1529 1206 1586 dicemus
1230 1528 1358 1584 dub.
1391 1529 1446 1585 6.

51 1625 257 1671 'tertium
361 1616 454 1671 72.
479 1611 755 1686 Arguitur
783 1612 951 1669 tertio
986 1612 1208 1668 ratione
1241 1609 1473 1682 Vasquii
1501 1610 1643 1683 disp.

57 1686 266 1770 ωέξξξὼ,
283 1696 382 1750 cit.
405 1711 526 1766 cap.
551 1695 606 1760 5,
632 1695 688 1748 et
708 1690 1086 1765 impugnatur
1104 1689 1366 1747 doctrina
1390 1689 1649 1762 proxime

88 1776 223 1826 vasu-
285 1774 530 1831 tradita:
555 1773 833 1846 quoniam
854 1773 905 1828 si
927 1771 1174 1838 homini,
1195 1771 1292 1844 qui
1310 1769 1648 1845 justificatus

283 1861 371 1913 est
397 1871 497 1928 per
527 1859 715 1910 actum
741 1853 1109 1911 contritionis
1128 1857 1292 1908 extra
1317 1855 1648 1908 Sacramen-

287 1944 432 2003 tum,
468 1937 610 1993 Deus
638 1935 894 1992 auferret
921 1933 1181 1990 habitum
1210 1934 1431 2008 gratiae,
1465 1931 1648 1988 adhuc

287 2017 459 2073 homo
485 2016 587 2072 ille
625 2015 912 2072 diceretur
948 2014 1170 2087 justus;
1200 2029 1232 2070 e
1259 2019 1458 2070 contra
1485 2027 1641 2076 vero,

284 2097 336 2152 si
363 2096 589 2153 homini
616 2097 715 2168 qui
738 2093 1080 2169 justificatus
1106 2099 1190 2151 est
1219 2109 1320 2168 per
1344 2094 1527 2149 solam
1551 2093 1647 2148 in-

286 2178 574 2236 fusionem
613 2178 813 2252 gratiae
862 2175 1176 2233 habitualis
1202 2220 1214 2242 ,
1272 2178 1418 2232 Deus
1471 2176 1645 2232 talem

281 2260 531 2336 gratiam
554 2261 827 2326 auferret,
849 2260 970 2333 jam
996 2259 1170 2315 homo
1184 2258 1285 2314 ille
1306 2274 1423 2314 non
1433 2273 1646 2336 Jnane-

287 2346 375 2398 ret
391 2341 576 2414 justus
609 2362 622 2395 :
653 2356 790 2397 nam
823 2336 885 2395 in
916 2338 1097 2412 priori
1133 2354 1284 2404 casu,
1319 2336 1509 2393 ablato
1540 2337 1646 2394 ha-

286 2420 410 2477 bitu
456 2420 671 2494 gratiae,
717 2419 897 2477 adhuc
939 2424 1305 2492 permaneret
1345 2419 1646 2475 moraliter

287 2508 446 2559 actus
488 2501 804 2576 praeteritus
829 2501 1197 2558 contritionis
1223 2515 1341 2555 non
1372 2505 1646 2557 retracta-

289 2589 401 2648 tus,
445 2583 543 2655 qui
595 2587 775 2654 posset
801 2581 1099 2642 hominem
1134 2579 1352 2654 justum
1381 2578 1647 2637 denomi-

290 2681 462 2732 nare;
483 2665 544 2720 in
563 2663 808 2721 secundo
828 2668 1018 2721 autem
1035 2678 1166 2718 casu
1185 2661 1334 2717 nihil
1361 2668 1640 2729 maneret,

285 2743 439 2819 quod
467 2745 655 2816 ipsum
678 2743 1079 2801 denominaret
1094 2742 1336 2817 justum,
1361 2742 1645 2816 siquidem

287 2825 616 2885 auferretur
653 2824 860 2892 forma,
893 2840 927 2881 a
952 2839 1062 2897 qua
1104 2822 1391 2897 adaequate
1431 2825 1647 2881 consti-

286 2908 554 2967 tuebatur
572 2908 634 2964 in
654 2923 776 2964 esse
785 2907 923 2981 justi
947 2927 959 2962 ε
982 2922 1117 2980 ergo
1133 2905 1364 2978 signum
1379 2910 1481 2975 est,
1496 2907 1646 2979 quod

286 2995 443 3047 actus
468 2988 835 3046 contritionis
864 2985 1033 3043 habet
1058 2986 1179 3042 vim
1196 2985 1567 3060 justificandi,
1591 2991 1649 3044 et

285 3068 435 3143 quod
459 3067 749 3144 justificat,
780 3069 984 3125 saltem
1014 3067 1352 3139 partialiter,
1384 3067 1645 3124 adultum

286 3155 451 3208 extra
476 3153 932 3207 Sacramentum.

70 3250 253 3292 counr-
355 3230 744 3289 confirmatur
766 3230 955 3303 primo
976 3253 988 3295 ;
1012 3229 1146 3302 quia
1166 3230 1214 3285 si
1237 3230 1505 3287 contritio
1527 3245 1645 3287 non

73 3304 239 3399 ἓξὲξ
285 3312 576 3368 concurrit
624 3327 726 3384 per
772 3309 1009 3366 modum
1056 3326 1238 3366 causae
1275 3310 1541 3366 formalis
1574 3310 1645 3367 ad

281 3390 753 3464 justificationem
784 3389 962 3446 adulti
997 3395 1158 3446 extra
1187 3392 1641 3457 Sacramentum,

286 3472 547 3544 sequitur
574 3471 979 3528 contritionem
1008 3486 1123 3525 non
1156 3470 1372 3542 requiri
1391 3472 1526 3545 ‘jure
1549 3487 1647 3527 na-

290 3554 488 3620 turali,
531 3552 630 3609 sed
668 3557 894 3608 tantum
918 3552 1048 3625 jure
1075 3551 1275 3608 divino
1304 3553 1550 3624 positivo
1576 3552 1645 3609 ad

293 3635 466 3691 talem
504 3632 966 3709 justificationem
996 3653 1009 3688 ε
1039 3648 1388 3705 consequens
1421 3639 1507 3689 est
1535 3634 1645 3690 fal-

287 3732 440 3782 sum,
483 3724 541 3773 et
583 3720 782 3772 contra
820 3730 1186 3771 communem
1226 3713 1645 3789 Theologorum

285 3797 635 3854 sententiam
668 3817 680 3851 ι
709 3811 843 3869 ergo
869 3794 1140 3851 contritio
1179 3793 1453 3867 justificat
1478 3796 1647 3853 adul—

286 3883 416 3932 tum
441 3882 604 3933 extra
630 3878 1062 3932 Sacramentum
1092 3890 1194 3947 per
1209 3874 1444 3932 modum
1467 3894 1648 3934 causae

288 3955 576 4015 formalis.
599 3956 839 4026 Sequela
858 3953 1207 4021 ostenditur;
1234 3971 1371 4010 nam
1391 3956 1440 4010 si
1469 3958 1646 4014 semel

281 4035 560 4094 contritio
588 4044 702 4092 non
725 4035 1014 4092 concurrit
1034 4034 1104 4091 ad
1125 4034 1453 4108 praedictam
1473 4038 1649 4112 justi-

285 4119 613 4176 ficationem
637 4132 737 4189 per
759 4114 993 4173 modum
1016 4133 1195 4173 causae
1217 4117 1502 4187 formalis,
1523 4125 1649 4176 tan-

285 4207 414 4258 tum
442 4213 781 4256 concurrere
803 4203 982 4269 potest
1011 4213 1111 4269 per
1134 4197 1367 4254 modum
1396 4197 1647 4272 disposi-

287 4279 495 4337 tionis:
515 4277 614 4334 sed
637 4294 753 4334 non
776 4276 944 4333 habet
961 4279 1239 4335 rationem
1256 4276 1649 4351 dispositionis

288 4360 359 4419 ad
379 4357 844 4434 justificationem
866 4374 937 4414 ex
958 4364 1093 4414 natu
1104 4375 1166 4414 ra
1187 4374 1308 4426 sua,
1333 4365 1388 4415 et
1415 4358 1487 4416 ob
1507 4377 1648 4417 con-

287 4441 617 4499 naturalem
663 4437 1081 4495 connexionem
1127 4456 1258 4495 cum
1297 4440 1503 4513 gratia,
1549 4441 1649 4498 sed

283 4525 477 4582 solum
512 4537 581 4579 ex
611 4520 904 4577 voluntate
930 4519 1130 4578 divina
1159 4522 1238 4578 sic
1264 4521 1600 4593 disponente
1632 4544 1646 4579 :

287 4621 426 4680 ergo
444 4603 492 4659 si
519 4617 636 4659 non
653 4600 922 4675 justificat
946 4618 1045 4674 per
1066 4602 1302 4659 modum
1326 4618 1504 4658 causae
1525 4603 1640 4660 for-

288 4684 483 4751 malis,
516 4698 633 4740 non
658 4682 975 4753 requiritur
996 4682 1065 4738 ad
1088 4681 1555 4756 justificationem
1577 4699 1649 4740 ex

284 4771 416 4846 jure
443 4763 720 4829 naturali,
746 4762 843 4820 sed
865 4765 1052 4821 solum
1073 4781 1144 4821 ex
1166 4764 1296 4839 jure
1316 4763 1518 4843 divino
1546 4780 1649 4838 po-

286 4850 484 4907 sitive.

105 4952 184 4992 se·
362 4919 759 4979 confirmatur
818 4917 1085 4984 secundo,
1137 4920 1271 4992 quia
1318 4918 1649 4992 justificatio

83 4998 240 5042 “¹⁰⁶⁰-
287 5005 455 5064 debet
500 5001 628 5060 lieri
672 4999 996 5057 formaliter
1038 5016 1138 5073 per
1177 5001 1342 5057 illam
1372 5002 1643 5065 formam,

1777 580 1902 637 quae
1928 575 2149 639 peccato
2167 567 2551 624 essentialiter
2570 565 2927 623 considerato
2947 566 3130 639 magis

1777 645 2087 718 opponitur
2114 667 2128 702 ε
2156 645 2255 704 sed
2283 663 2447 704 amor
2468 646 2569 703 Dei
2596 661 2769 718 super
2787 645 2986 702 omnia
3008 661 3137 702 ma-

1777 725 1866 798 gis
1891 725 2201 800 opponitur
2229 731 2451 799 peccato
2470 726 2853 782 essentialiter
2875 723 3138 781 conside-

1782 811 1922 872 rato,
1952 823 2124 880 quam
2150 808 2336 881 gratia
2365 805 2674 864 habitualis
2702 826 2715 861 :
2753 820 2888 879 ergo
2923 804 3140 878 justifi—

1779 886 1926 943 catio
1946 886 2133 960 potius
2154 886 2280 945 fieri
2301 886 2467 944 debet
2481 886 2804 944 formaliter
2827 901 2927 957 per
2948 891 3135 941 actum

1780 967 2023 1033 amoris,
2079 983 2252 1040 quam
2304 983 2406 1040 per
2456 967 2704 1040 gratiam
2757 965 3132 1022 habitualem.

1779 1048 1972 1105 Minor
1997 1049 2301 1117 suadetur;
2334 1065 2470 1105 nam
2500 1053 2788 1122 peccatum
2809 1046 3139 1104 essentiali-

1780 1132 1866 1184 ter
1880 1128 2302 1186 consideratum
2318 1129 2568 1186 excludit
2583 1144 2837 1185 amorem
2851 1126 2950 1183 Dei
2966 1143 3138 1199 super

1779 1210 1996 1279 omnia,
2026 1218 2084 1268 et
2121 1227 2238 1269 non
2277 1211 2531 1268 excludit
2564 1210 2844 1286 gratiam;
2887 1209 2936 1264 si
2976 1209 3136 1265 enim

1781 1292 1953 1349 homo
1973 1290 2233 1350 conditus
2255 1292 2318 1347 in
2340 1293 2501 1364 puris
2523 1295 2792 1364 peccaret,
2814 1288 3139 1346 excluderet

1777 1371 2044 1445 gratiam,
2072 1388 2174 1428 nec
2201 1373 2523 1428 incurreret
2548 1371 2670 1445 ejus
2696 1368 3081 1443 privationem
3116 1389 3130 1424 ε

1779 1468 1916 1525 ergo
1942 1459 2097 1509 actus
2117 1452 2439 1510 dilectionis
2464 1452 2557 1508 Dei
2579 1467 2750 1524 super
2778 1450 2977 1506 omnia
3003 1465 3133 1505 ma-

1778 1532 1866 1606 gis
1891 1532 2201 1605 opponitur
2228 1532 2495 1606 praedicto
2516 1531 2721 1598 amori,
2741 1546 2912 1604 quam
2933 1530 3135 1605 gratia}

1781 1613 2082 1670 habituali.
2492 1609 2495 1614 ⁴

1853 1694 1941 1750 Ad
1984 1698 2390 1769 argumentum
2444 1693 2821 1767 respondetur
2874 1690 3132 1764 negando
3148 1709 3334 1765 Respon-

1781 1765 2156 1831 antecedens:
2190 1791 2325 1830 nam
2364 1774 2508 1830 sicut
2552 1779 2708 1830 actus
2744 1770 3127 1837 contritionis,
3171 1756 3301 1860 {2²35}

1778 1853 2007 1927 quando
2026 1860 2111 1911 est
2131 1871 2398 1928 praesens,
2426 1871 2544 1912 non
2564 1854 2902 1911 denominat
2924 1851 3133 1910 forma·
3148 1860 3329 1900 mentum

1780 1936 1914 1992 liter
1933 1935 2233 1993 hominem
2255 1937 2494 2010 justum,
2518 1935 2615 1992 sed
2636 1940 2858 1993 tantum
2881 1933 3130 2008 disposi-

1780 2015 1925 2077 tive;
1969 2021 2055 2073 est
2090 2015 2250 2073 enim
2281 2032 2398 2073 non
2435 2015 2666 2089 quidem
2694 2015 2882 2072 forma
2914 2013 3131 2089 justifi-

1780 2112 1934 2163 cans,
1964 2095 2061 2154 sed
2088 2095 2385 2169 dispositio
2417 2096 2489 2153 ad
2523 2096 2771 2153 formam
2807 2095 3135 2168 justifican—

1779 2184 1895 2236 tem
1944 2199 1957 2234 :
2007 2179 2086 2236 ita
2129 2178 2179 2233 si
2225 2185 2372 2235 esset
2418 2179 2647 2252 physice
2692 2178 3032 2250 praeterituS,
3074 2181 3131 2232 et

1780 2259 2080 2316 moraliter
2133 2275 2496 2331 permanenS,
2553 2275 2670 2315 non
2721 2258 3135 2316 determinaret

1779 2338 2077 2396 hominem
2100 2339 2318 2412 iustum
2341 2339 2683 2403 formaliter,
2708 2338 2808 2395 sed
2834 2337 3132 2393 dumtaxat

1777 2417 2129 2494 dispositive.
2152 2416 2536 2482 Quamobrem
2558 2418 2731 2474 homo
2748 2417 2809 2473 in
2833 2416 3132 2491 hypothesi

1779 2500 2104 2573 argumenti
2133 2499 2202 2556 ad
2230 2516 2524 2555 summum
2558 2504 2703 2556 esset
2730 2499 3036 2572 dispositus
3062 2497 3134 2554 ad

1773 2579 2261 2655 justificationem,
2295 2596 2412 2637 non
2439 2586 2630 2638 autem
2653 2582 2838 2655 justus
2866 2579 3127 2652 positive,

1777 2667 1835 2718 et
1852 2660 2176 2719 formaliter
2200 2686 2215 2728 ;
2245 2678 2308 2718 ac
2330 2661 2571 2735 proinde
2592 2663 2655 2719 in
2682 2662 2784 2719 tali
2807 2678 2937 2717 casu
2959 2675 3139 2733 quan·

1777 2747 1901 2797 tum
1931 2741 2001 2798 ad
2023 2742 2307 2818 justitiam
2337 2743 2643 2800 formalem
2673 2740 2911 2815 perinde
2938 2757 2998 2796 se
3024 2740 3136 2795 ha-

1778 2823 1955 2893 beret,
1987 2841 2048 2881 ac
2072 2825 2243 2883 homo
2270 2842 2303 2883 a
2327 2842 2438 2899 quo
2457 2825 2637 2883 semel
2658 2822 2965 2900 justificato
2989 2823 3133 2880 Deus

1779 2906 2034 2962 auferret
2060 2904 2320 2962 habitum
2341 2907 2559 2981 gratim.

1853 2986 1938 3042 Ad
1968 2987 2217 3059 primam
2245 2986 2742 3045 confirmationem
2770 2986 3035 3052 dicimuS,
3069 2985 3133 3040 in
3149 3013 3335 3058 Duum„

1777 3083 1845 3123 ea
1868 3067 2022 3142 tangi
2065 3066 2477 3132 difficultatem,
2515 3084 2688 3139 quam
2718 3068 2875 3124 infra
2902 3067 3046 3139 disp.
3074 3066 3130 3132 3,
3174 3063 3305 3154 praga

1777 3149 1907 3205 dub.
1965 3151 1982 3204 l
2034 3157 2083 3204 et
2124 3152 2179 3215 2,
2222 3166 2294 3206 ex
2340 3150 2590 3221 professo
2644 3148 3130 3215 examinabimus.
3174 3122 3322 3207 23¹1&ss

1779 3232 1828 3283 N
1834 3245 1943 3286 unc
1961 3228 2370 3303 respondemus
2385 3229 2644 3304 negando
2658 3230 2947 3302 sequelam
2962 3251 2977 3296 ;
2997 3244 3134 3285 nam

1780 3315 1843 3366 ut
1880 3312 2148 3367 contritio
2177 3311 2503 3383 requiratur
2527 3328 2600 3369 ex
2622 3312 2752 3385 jure
2781 3310 3032 3366 naturali
3061 3307 3132 3365 ad

1772 3390 2238 3464 justificationem
2278 3389 2459 3446 adulti
2484 3395 2648 3446 extra
2674 3392 3128 3453 Sacramentum,

1778 3476 1836 3528 et
1874 3486 1992 3527 non
2033 3471 2265 3543 praecise
2289 3487 2360 3527 ex
2391 3474 2664 3542 praecepto
2702 3470 2964 3543 positivo,
2994 3467 3132 3524 satis

1778 3556 1882 3616 est,
1902 3549 2051 3622 quod
2066 3549 2160 3622 jus
2176 3552 2437 3606 naturale
2451 3549 2640 3616 dictet,
2668 3549 2965 3606 hominem
2988 3547 3133 3605 obli-

1777 3632 1904 3706 gari
1944 3629 2014 3685 ad
2054 3630 2420 3703 quaerendam
2452 3629 2974 3686 reconciliationem
3002 3644 3134 3685 cum

1781 3716 1896 3770 Deo
1920 3727 2019 3785 per
2040 3709 2230 3767 media
2250 3709 2624 3768 conducentia
2647 3709 2716 3766 ad
2739 3711 2910 3766 talem
2937 3724 3139 3766 recon-

1779 3791 2133 3848 ciliationem
2174 3789 2267 3846 vel
2303 3806 2373 3846 ex
2402 3794 2609 3846 natura
2633 3806 2755 3856 sua,
2800 3792 2891 3846 vel
2930 3790 3134 3845 saltem

1777 3889 1850 3929 ex
1875 3871 2246 3944 dispositione
2273 3870 2489 3927 divina.
2535 3872 2603 3926 Et
2643 3871 2891 3943 profecto
2918 3869 3137 3926 attritio

1781 3969 1898 4011 non
1913 3958 1996 4010 est
2010 3952 2306 4026 dispositio
2319 3967 2575 4009 connexa
2591 3968 2660 4009 ex
2677 3957 2883 4008 natura
2901 3952 2984 4007 rei
3006 3966 3136 4007 cum

1779 4036 1992 4110 gratim
2038 4040 2095 4094 et
2137 4033 2521 4091 nihilominus
2558 4033 2849 4107 supposita
2890 4036 3010 4107 lege
3035 4032 3138 4089 Dei

1782 4116 2130 4188 requirentis
2149 4114 2407 4172 dolorem
2431 4113 2501 4170 ad
2519 4115 2716 4170 minus
2731 4113 3041 4171 attritionis
3063 4112 3134 4168 ad

1775 4196 2263 4272 justificationem,
2312 4212 2436 4269 quae
2481 4194 2546 4251 fit
2597 4196 2749 4252 intra
2796 4198 3137 4252 Sacramen-

1781 4285 1903 4334 tum
1928 4277 2294 4351 pcenitentiae,
2307 4277 2400 4351 jus
2423 4277 2684 4333 naturale
2704 4276 2917 4350 obligat
2943 4276 3140 4333 homi-

1780 4376 1916 4416 nem
1944 4358 2015 4415 ad
2043 4357 2465 4432 procurandum
2495 4357 2825 4429 praedictum
2852 4355 3131 4423 dolorem,

1779 4439 2008 4513 quando
2030 4440 2152 4495 vult
2168 4440 2320 4495 intra
2335 4440 2762 4495 Sacramentum
2786 4437 3137 4510 poenitentiae

1776 4519 2096 4595 Justificari.
2129 4521 2218 4576 Sic
2243 4536 2377 4593 ergo
2392 4519 2522 4575 licet
2547 4518 2814 4575 contritio
2845 4534 2960 4576 non
2986 4526 3133 4577 esset

1778 4600 2076 4673 dispositio
2095 4616 2166 4656 ex
2185 4604 2389 4656 natura
2406 4599 2487 4655 rei
2503 4615 2758 4655 connexa
2772 4616 2901 4655 cum
2923 4602 3130 4673 gratia,

1781 4681 1965 4738 adhuc
1992 4685 2185 4737 tamen
2209 4680 2378 4736 homo
2404 4678 2753 4753 obligaretur
2777 4679 2846 4736 ad
2875 4680 3038 4737 illam
3061 4697 3133 4739 ex

1774 4763 1906 4836 jure
1934 4759 2205 4826 naturali,
2237 4764 2294 4816 et
2333 4775 2450 4815 non
2478 4760 2706 4831 praecise
2745 4776 2816 4816 ex
2853 4765 3128 4833 praecepto

1783 4840 2052 4914 positivo:
2073 4840 2206 4913 quia
2227 4842 2429 4896 saltem
2450 4856 2522 4896 ex
2544 4839 2666 4914 lege
2692 4840 2790 4895 Dei
2818 4840 3135 4913 requiritur

1781 4919 1852 4976 ad
1886 4919 2351 4994 justificationem
2393 4919 2571 4976 adulti
2598 4925 2762 4977 extra
2789 4922 3130 4977 Sacramen-

1780 5010 1924 5069 tum,
1944 5020 2114 5077 quam
2131 5003 2301 5060 homo
2320 5018 2389 5059 ex
2401 5002 2531 5076 jure
2545 5003 2797 5060 naturali
2824 5018 3132 5075 procurare
